2942 4690
1094 363 1144 432 ii

9 513 11 524 ’
91 535 126 600 sd
148 537 197 600 iret
228 538 263 599 io
285 535 343 614 (so.
366 533 426 596 deo
447 535 551 613 mooe)
583 543 637 616 pot
659 533 783 600 incitet
809 533 904 599 ‘deus
934 529 1014 598 iliud
1035 551 1071 600 on
1093 533 1138 600 iia

91 636 282 702 auiornassen
311 636 331 698 i.
364 653 392 698 e.
423 637 468 698 ila
487 653 591 719 poena
621 634 811 703 adiecisset'
843 639 891 703 olo
919 644 1036 716 pocior
1064 637 1139 702 lione

9 807 11 822 ,
91 737 261 804 wdosoiwo
291 737 349 800 nidi
380 735 477 800 “sion
504 737 613 821 probis
641 737 818 803 hominibus
851 740 883 802 in
919 739 1034 821 optatis
1064 738 1137 813 osv,

9 839 11 846 ’
92 843 151 906 deo
172 845 203 905 ir
224 843 313 905 trane
333 839 471 902 corbeio
493 839 577 922 oepit
606 839 737 925 ‘quibus
760 837 901 927 probitas
923 838 955 902 in
977 839 1138 904 mineniann

91 942 192 1018 cadit,
222 941 383 1006 miseriam
407 958 520 1010 creare
543 937 650 1006 oolct’.
697 940 747 1006 liii
771 940 865 1028 probi
880 940 1031 1008 'homines
1053 940 1138 1008 haud

89 1047 156 1110 scio
179 1063 221 1109 an
239 1041 352 1108 haberi
373 1042 501 1127 possint
515 1043 537 1106 ii
558 1053 689 1128 poetae,
717 1046 770 1130 qui
792 1062 864 1110 oum
884 1045 1020 1114 veritate
1041 1044 1137 1111 iabu-

9 1137 10 1168 ³
89 1147 139 1212 ias
157 1145 224 1211 sibi
254 1141 390 1209 traditas
419 1152 558 1210 tractare
591 1163 630 1210 uc
654 1144 792 1212 reddere
815 1145 920 1212 soient
941 1165 1045 1232 neque
1068 1167 1138 1214 eum

90 1248 274 1335 applausum
297 1254 552 1333 consequuntur,
575 1265 637 1332 quo
661 1246 749 1330 digni
772 1257 851 1314 sunt.

9 1353 11 1434 J
190 1347 269 1412 Pars
290 1359 402 1434 quarta
426 1351 568 1414 continet
598 1346 740 1435 reliquos
761 1347 888 1435 prologi
911 1365 1022 1414 versuo
1042 1346 1137 1414 25-

87 1451 141 1516 30.
191 1469 286 1514 swam
313 1455 354 1516 ist
382 1471 417 1517 ze
445 1453 552 1516 odlheo
577 1455 701 1517 werdon
735 1450 814 1535 qdod
842 1452 888 1516 ‘ni
915 1449 985 1536 quis
1015 1469 1135 1516 canere

9 1625 10 1632 p
88 1563 239 1638 properat
267 1549 362 1616 iaiia'
393 1549 435 1615 dei
456 1555 663 1617 ‘misseweode
692 1555 790 1617 doeret
806 1549 902 1617 odei
932 1558 1032 1637 ‘quoe
1054 1555 1135 1618 viiu-

89 1655 281 1740 peraiiouern
320 1653 464 1734 mereni¹‚
502 1657 596 1738 ppido
634 1657 755 1720 noerdcr
790 1651 831 1736 iip
871 1671 915 1718 un
948 1655 1007 1718 deo
1034 1657 1136 1737 peroio

9 1809 11 1850 ζ
90 1758 195 1841 ‘ioque
216 1759 243 1821 si
274 1753 394 1842 probus
425 1764 473 1820 est
496 1759 546 1822 vir
567 1755 622 1841 qui,
652 1753 822 1843 inplicatur
852 1753 913 1820 hoc
934 1754 1038 1822 fructu
1060 1754 1135 1836 (hac

89 1858 364 1942 vituperatione)‘,
396 1859 456 1920 doz
480 1875 574 1920 muoz
597 1861 637 1920 in
664 1857 749 1922 ieron
764 1859 909 1920 ironico·
931 1861 981 1920 aio
1003 1859 1135 1942 ‘exiguo

9 1949 10 1952 '
88 1961 219 2042 ingenio
254 1977 323 2024 curn
353 1957 394 2024 ad
425 1956 458 2021 id
492 1955 672 2022 iaciendum
702 1953 810 2021 induci
842 1955 1033 2022 credendum
1066 1961 1134 2026 erin

9 2063 10 2066 ’
89 2079 123 2124 er
144 2059 257 2124 midetz
279 2059 310 2132 d,
333 2061 398 2123 inco
419 2077 453 2124 er
473 2062 539 2123 sind
561 2062 687 2124 sodoma
710 2059 838 2124 ‘omittit
861 2059 963 2145 potius
986 2057 1038 2137 id,
1061 2080 1135 2126 ern.

87 2161 222 2226 hescere
245 2161 273 2224 si
295 2157 477 2225 didicerii’:
500 2163 560 2226 den
579 2165 636 2226 site
657 2164 705 2226 ool
724 2181 760 2228 er
776 2182 811 2226 ze
833 2173 924 2244 copie
939 2181 1033 2227 nemo
1055 2162 1134 2230 ‘hoc

87 2271 289 2350 praeceptum
317 2261 427 2326 ducem
454 2261 515 2327 sibi
544 2261 706 2348 accipiat’.
759 2261 832 2327 Toti
861 2262 935 2326 huic
963 2261 1038 2328 loco
1061 2283 1136 2329 oen-

88 2383 154 2429 sum
190 2360 322 2429 subesse
362 2362 444 2428 hunc
483 2363 629 2430 arbitror.
690 2361 727 2429 Si
751 2365 821 2450 quis
850 2373 945 2450 poeta
975 2372 1134 2450 tamquam

87 2483 243 2553 praeceps
266 2462 360 2530 darur
379 2465 421 2531 ad
445 2485 544 2552 opera
568 2466 778 2551 conponenda
799 2463 897 2542 talia,
928 2485 1059 2552 quorum
1083 2463 1155 2533 ar·'

88 2577 236 2652 gamonio
267 2565 366 2649 digna
396 2577 467 2631 sunt
490 2587 571 2651 quae
592 2570 821 2653 vituperentur,
843 2567 988 2652 idemque
1011 2579 1134 2636 cetero·

89 2671 163 2756 quin
185 2667 278 2756 probi
305 2667 399 2732 animi
424 2667 539 2748 inerit,
567 2677 599 2735 ai
620 2668 793 2736 socordiae
817 2677 905 2735 certe
929 2670 1045 2736 orirncn
1068 2693 1132 2738 non

87 2772 205 2856 fugiet,
228 2772 374 2858 quoniam
397 2788 489 2855 quarn
512 2771 628 2838 vitiosa
651 2775 683 2838 in
708 2779 805 2857 opera
821 2770 1018 2838 inlabereiur
1039 2783 1134 2860 atquo

86 2871 292 2959 inplicaretur
327 2874 460 2936 animum
501 2891 565 2938 noo
600 2873 781 2940 adverterit.
851 2869 1016 2938 Vocabnio
1052 2894 1135 2941 were

89 2984 219 3061 ‘poetae
241 2973 337 3060 opun’
367 2974 542 3059 significari
572 2994 666 3062 posse
695 2973 829 3039 docetur
857 2972 930 3039 loco
951 2973 1133 3060 Wigaloinii

87 3078 262 3162 poematis,
285 3076 375 3142 onius
399 3097 420 3141 a
444 3096 539 3144 versu
564 3077 628 3143 135
650 3074 768 3140 haecce
786 3073 942 3159 leguntur.

339 3195 409 3244 wan
433 3179 525 3243 einez
545 3178 598 3245 arii
619 3177 673 3243 ich
697 3176 830 3260 dingen:

339 3277 398 3343 daz
421 3278 450 3342 ir
473 3277 572 3342 durch
594 3278 693 3344 iuuer
715 3274 891 3341 hovischeii

342 3379 414 3444 dem
436 3379 537 3444 tihnoer
560 3378 617 3444 des
640 3377 769 3463 genade
791 3377 851 3443 seii

344 3479 400 3547 der
424 3480 506 3547 ditze
531 3481 586 3546 indi
606 3479 748 3566 geiihtet,

341 3583 395 3648 mit
418 3584 517 3648 rinnon
540 3582 601 3649 noi
624 3579 776 3648 oerihnet:

226 3680 299 3748 140.
340 3697 410 3752 aran
430 3683 493 3750 diez
515 3686 556 3750 isi
577 3685 629 3750 sin
652 3681 755 3750 ersten
778 3700 868 3748 were.

193 3783 299 3850 Verbo
323 3787 406 3869 qnod
432 3795 480 3852 est
498 3789 630 3870 ppiimeo
651 3787 755 3869 (cuins
778 3786 887 3853 foruna
903 3782 1033 3850 brevior
1044 3787 1136 3870 ptiiht

88 3902 147 3972 pro
166 3883 288 3970 p'piidtet
316 3887 420 3972 ponito
448 3889 512 3968 eoi)
540 3888 808 3973 praepositionem
837 3905 881 3953 co
907 3905 976 3952 curn
998 3905 1135 3953 accusa-

85 3988 152 4054 tivo
174 3992 233 4072 (uo
254 3991 314 4055 den
339 3989 455 4073 poncio)
471 3989 565 4055 eiiam
580 3988 659 4055 alibi
673 3976 819 4075 subiungi
837 3987 989 4078 exemplo
1004 3987 1134 4056 aliunde
