2942 4690
355 283 397 352 16

352 453 727 540 ipsi·dcstinaverat¹⁴))
756 474 868 542 parum
886 455 1041 524 'rectese
1064 472 1313 547 praeparasset}
1342 484 1401 530 ne-

353 577 414 644 que
444 558 527 622 enim
556 556 654 622 rebus
672 561 813 626 externis
841 557 1017 646 studiisque
1044 563 1261 640 terrestribus,
1291 566 1400 652 qualia

352 661 517 740 maximam
550 667 668 743 partem
692 660 775 745 apud
798 661 944 727 Actorum
974 658 1169 744 agebantur,
1195 665 1259 732 sed
1283 666 1398 748 diuinis

352 765 453 849 potins
483 760 580 826 rebus
614 764 789 848 perspectis
813 773 843 826 ct
866 765 907 828 iis
933 765 1101 845 cogitatis,
1138 785 1221 851 quae
1244 767 1284 834 ad
1309 779 1399 837 rotu-

351 883 416 929 ram
441 863 491 928 dei
516 864 702 956 maximam
727 865 981 946 cognoscendam
1013 877 1044 930 et
1066 866 1233 940 colendam
1259 873 1400 955 pertine-

349 976 434 1044 rent,
456 963 699 1052 conformandus
720 975 789 1030 erat
810 965 851 1030 ad
873 965 951 1031 illud
973 967 1144 1054 imperium.
1211 1011 1213 1016 -

452 1064 650 1152 Quapropter
670 1064 727 1132 illo
749 1065 874 1152 quidem
895 1066 964 1156 ipso
984 1079 1139 1152 tempore,
1163 1090 1224 1157 quo
1245 1081 1276 1136 ut
1289 1073 1399 1162 Artori

350 1187 447 1254 eques
472 1167 575 1232 lactus
597 1167 743 1252 humanis
765 1167 861 1234 rebus
880 1167 1011 1255 prorsus
1034 1191 1070 1236 se
1088 1169 1247 1239 dediturus
1263 1173 1413 1239 videba-‘

348 1281 412 1349 ter,
450 1280 482 1336 nt
518 1267 664 1353 gradalis
700 1267 805 1340 arcani
842 1269 946 1336 denuo
978 1269 1187 1356 investigaret
1215 1274 1322 1362 itaque
1352 1276 1396 1341 ad

347 1380 454 1460 partes
481 1390 556 1437 suas
590 1370 733 1456 agendas
758 1373 888 1457 propius
920 1372 1091 1440 accederet
1123 1375 1216 1440 multo
1249 1378 1394 1442 seuerius

347 1471 564 1540 admonendus
589 1482 658 1538 erat
689 1477 877 1558 acriusque,
910 1493 1001 1559 quarn
1035 1474 1201 1559 asiguna
1229 1478 1262 1540 in
1283 1478 1397 1550 ¹silvae

346 1573 518 1642 solitudine
533 1575 654 1650 vsactum
681 1584 766 1650 erat,
790 1575 832 1639 ad
855 1575 1021 1658 gradalem
1044 1574 1256 1643 revocandus.
1279 1561 1282 1568 ’
1303 1575 1399 1654 Quod

347 1677 471 1762 quidem
497 1677 632 1742 elicium
652 1663 791 1741 Cundria
805 1693 905 1757 saga,
928 1685 1095 1762 monstrum
1112 1677 1280 1754 muliebre,
1304 1680 1396 1746 cuius

345 1798 448 1845 sermo
474 1788 603 1866 propter
624 1777 657 1843 id
682 1780 782 1864 ipsum
811 1773 852 1838 ad
877 1777 999 1841 animos
1023 1773 1199 1843 auditorum
1221 1779 1394 1848 vehemen-

346 1883 406 1946 tius
430 1879 662 1948 conmovendos
684 1877 814 1962 egregie
836 1874 968 1942 idoneus
997 1888 1060 1958 est,
1092 1879 1173 1944 insto
1187 1867 1301 1968 ¹paone
1324 1893 1395 1950 tac-

345 1983 423 2050 trius
448 1985 644 2071 exsequitur3
675 1976 852 2056 maledictis
876 1978 973 2053 enim,
993 1978 1108 2062 quibus
1132 1985 1285 2064 graviora
1307 1987 1397 2069 cogi-

345 2089 405 2151 tari
438 2087 490 2152 uix
519 2091 666 2172 possunt,
699 2079 770 2144 dnm
798 2078 917 2164 equites
948 2077 1115 2144 clarissimi
1146 2090 1241 2150 testes
1269 2086 1395 2166 adsunt,
1454 2157 1455 2160 Ἴ

343 2185 461 2270 figebat
480 2184 693 2258 Parzivalem‚
726 2179 809 2268 qnod
845 2200 906 2266 quo
929 2190 1066 2268 tempore
1090 2184 1122 2248 in
1147 2185 1292 2274 gradalis
1314 2207 1395 2254 arce

345 2297 580 2356 conmoraretur
601 2288 886 2376 interrogarenon
911 2293 1056 2350 curasset
1079 2303 1117 2350 ac
1140 2299 1307 2374 propterea
1328 2299 1396 2356 tam

344 2389 500 2476 stupidum
520 2398 582 2471 tam
603 2386 797 2452 inhonestum
821 2394 883 2452 tam
905 2384 1058 2452 nefarium
1079 2406 1115 2452 se
1136 2392 1373 2474 praestitisses

449 2505 596 2572 Parzival
620 2513 731 2590 antem
755 2501 910 2587 dignitate
933 2505 977 2569 ita
996 2501 1089 2569 laesa
1105 2493 1145 2571 'ut
1165 2504 1304 2582 honores
1327 2525 1396 2574 uu·

343 2627 400 2696 per
424 2608 710 2694 tributos‚.quippe
733 2606 848 2692 quibus
870 2605 984 2690 dignus
998 2607 1059 2670 iam
1075 2623 1138 2670 non
1154 2617 1253 2684 esset,
1274 2619 1394 2695 sponte

343 2709 487 2778 abiceret
524 2707 669 2793 gradalis
706 2706 885 2796 reperiendi
916 2704 1172 2792 consilio-capto
1202 2708 1245 2772 ab
1274 2711 1395 2779 Amore

344 2815 476 2898 eiusque
504 2814 647 2880 convivis
676 2809 832 2878 hilaribus
857 2807 1033 2874 discessum
1056 2807 1200 2894 parabat
1247 2809 1396 2892 Quanto·
1453 2851 1454 2858 κ

341 2931 419 3000 pere
447 2923 550 2980 antem
579 2913 759 2990 maledicta,
791 2927 871 2996 quae
901 2907 1046 2992 gradalis
1077 2911 1188 2974 nuntia
1221 2910 1389 2992 eiiuderat,

343 3017 413 3080 eius
443 3017 578 3082 aninum
608 3014 875 3103 perturbaverint,
906 3009 1009 3091 magis
1032 3012 1143 3092 etiam,
1178 3013 1308 3098 opnor,
1335 3017 1393 3080 in·
1453 3003 1454 3010 '

340 3115 540 3201 reingerius,
564 3120 591 3184 si
614 3112 817 3201 contemplati
835 3111 1001 3190 fuerimus,
1023 3130 1157 3197 quonam
1172 3111 1265 3180 modo
1279 3115 1391 3182 Arturi

343 3219 463 3305 equites
493 3219 617 3286 salvere
645 3237 684 3283 ac
715 3211 825 3280 valere
852 3212 982 3282 iusserit
1010 3223 1040 3280 ot
1071 3233 1228 3300 quaenam
1258 3235 1326 3282 oum
1348 3218 1392 3284 iis

340 3329 403 3388 tum
418 3319 556 3390 Gauauo
568 3320 704 3400 dixerit..
738 3313 977 3382 ‘Victorianus
994 3335 1063 3384 cum
1087 3318 1209 3392 eram’,
1231 3319 1293 3395 ait,
1317 3325 1392 3385 ‘ve-

341 3431 437 3488 strum
464 3443 513 3489 me
535 3419 704 3504 faciebatis
711 3442 719 3498 3
744 3436 827 3484 nuno
852 3417 991 3504 quidem,
1016 3437 1085 3484 cum
1101 3417 1256 3505 probitate
1270 3419 1392 3488 amissa

345 3591 549 3608 m

345 3704 394 3774 14)
415 3702 493 3758 Pars.
512 3714 569 3769 cap.
593 3701 661 3766 333,
681 3714 704 3756 v.
724 3705 767 3755 27.
805 3695 922 3750 schildes
943 3693 1031 3750 ambet
1052 3685 1147 3748 umbcu
1165 3693 1228 3764 groti

264 3787 267 3792 '
443 3775 446 3780 ’
630 3796 633 3805 ·
795 3783 858 3834 uuirt
877 3795 912 3832 nu
932 3780 970 3833 vil
988 3778 1089 3850 girabat
1109 3780 1209 3834 sunder
1226 3779 1289 3834 terail

794 3879 848 3919 von
864 3865 900 3916 im
918 3861 970 3916 den
989 3861 1155 3933 llerzelopde
1172 3863 1230 3916 bar.

797 3961 905 4002 er-rres
926 3945 996 4004 oreb
1012 3945 1133 4017 geuerbe
1153 3943 1212 4000 dar.
