<?xml version="1.0" encoding="UTF-8"?>
<!DOCTYPE html PUBLIC "-//W3C//DTD XHTML 1.0 Transitional//EN"
    "http://www.w3.org/TR/xhtml1/DTD/xhtml1-transitional.dtd">
<html xmlns="http://www.w3.org/1999/xhtml" xml:lang="en" lang="en">
 <head>
  <title>
</title>
<meta http-equiv="Content-Type" content="text/html;charset=utf-8" />
  <meta name='ocr-system' content='tesseract 3.04.00' />
  <meta name='ocr-capabilities' content='ocr_page ocr_carea ocr_par ocr_line ocrx_word'/>
</head>
<body>
  <div class='ocr_page' id='page_1' title='image "./deparzivalispoe00lucagoog_0034.png"; bbox 0 0 2942 4690; ppageno 0'>
   <div class='ocr_carea' id='block_1_1' title="bbox 339 341 384 410">
    <p class='ocr_par' dir='ltr' id='par_1_1' title="bbox 339 341 384 410">
     <span class='ocr_line' id='line_1_1' title="bbox 339 341 384 410; baseline 0 0"><span class='ocrx_word' id='word_1_1' title='bbox 339 341 384 410; x_wconf 72' lang='lat' dir='ltr'>to</span> 
     </span>
    </p>
   </div>
   <div class='ocr_carea' id='block_1_2' title="bbox 333 508 1462 902">
    <p class='ocr_par' dir='ltr' id='par_1_2' title="bbox 338 508 1380 601">
     <span class='ocr_line' id='line_1_2' title="bbox 338 508 1380 601; baseline 0.005 -24"><span class='ocrx_word' id='word_1_2' title='bbox 338 520 424 578; x_wconf 89' lang='lat' dir='ltr'>recto</span> <span class='ocrx_word' id='word_1_3' title='bbox 454 508 634 578; x_wconf 70' lang='lat' dir='ltr'>reddidisse</span> <span class='ocrx_word' id='word_1_4' title='bbox 661 511 758 578; x_wconf 81' lang='lat' dir='ltr'>nobis</span> <span class='ocrx_word' id='word_1_5' title='bbox 788 511 938 580; x_wconf 86' lang='lat' dir='ltr'>videmur.</span> <span class='ocrx_word' id='word_1_6' title='bbox 991 513 1092 582; x_wconf 85' lang='lat' dir='ltr'>Porro</span> <span class='ocrx_word' id='word_1_7' title='bbox 1121 525 1223 582; x_wconf 87' lang='lat' dir='ltr'>autern</span> <span class='ocrx_word' id='word_1_8' title='bbox 1256 518 1284 581; x_wconf 90' lang='lat' dir='ltr'>si</span> <span class='ocrx_word' id='word_1_9' title='bbox 1313 520 1380 601; x_wconf 86' lang='lat' dir='ltr'>quis</span> 
     </span>
    </p>

    <p class='ocr_par' dir='ltr' id='par_1_3' title="bbox 333 609 1462 902">
     <span class='ocr_line' id='line_1_3' title="bbox 335 609 1462 702; baseline 0.005 -24"><span class='ocrx_word' id='word_1_10' title='bbox 335 615 422 678; x_wconf 78' lang='lat' dir='ltr'>dieta</span> <span class='ocrx_word' id='word_1_11' title='bbox 443 611 521 678; x_wconf 89' lang='lat' dir='ltr'>tueri</span> <span class='ocrx_word' id='word_1_12' title='bbox 549 632 613 678; x_wconf 90' lang='lat' dir='ltr'>non</span> <span class='ocrx_word' id='word_1_13' title='bbox 642 631 737 699; x_wconf 84' lang='lat' dir='ltr'>posse</span> <span class='ocrx_word' id='word_1_14' title='bbox 767 613 896 691; x_wconf 89' lang='lat' dir='ltr'>dieitur,</span> <span class='ocrx_word' id='word_1_15' title='bbox 925 616 987 680; x_wconf 91' lang='lat' dir='ltr'>nisi</span> <span class='ocrx_word' id='word_1_16' title='bbox 1009 619 1169 702; x_wconf 62' lang='lat' dir='ltr'>sapienda</span> <span class='ocrx_word' id='word_1_17' title='bbox 1191 617 1317 682; x_wconf 83' lang='lat' dir='ltr'>drnure</span> <span class='ocrx_word' id='word_1_18' title='bbox 1341 637 1380 684; x_wconf 81' lang='lat' dir='ltr'>ea</span> <span class='ocrx_word' id='word_1_19' title='bbox 1461 609 1462 674; x_wconf 83' lang='grc' dir='ltr'>Ῐ</span> 
     </span>
     <span class='ocr_line' id='line_1_4' title="bbox 334 712 1462 805; baseline 0.004 -25"><span class='ocrx_word' id='word_1_20' title='bbox 334 714 448 792; x_wconf 86' lang='lat' dir='ltr'>velint,</span> <span class='ocrx_word' id='word_1_21' title='bbox 480 717 564 780; x_wconf 86' lang='lat' dir='ltr'>dioto</span> <span class='ocrx_word' id='word_1_22' title='bbox 592 712 650 779; x_wconf 85' lang='lat' dir='ltr'>illo</span> <span class='ocrx_word' id='word_1_23' title='bbox 673 714 757 783; x_wconf 85' lang='lat' dir='ltr'>haud</span> <span class='ocrx_word' id='word_1_24' title='bbox 788 713 965 801; x_wconf 88' lang='lat' dir='ltr'>dubiepro</span> <span class='ocrx_word' id='word_1_25' title='bbox 989 716 1083 782; x_wconf 90' lang='lat' dir='ltr'>dictis</span> <span class='ocrx_word' id='word_1_26' title='bbox 1103 717 1380 805; x_wconf 79' lang='lat' dir='ltr'>eius.aeeiptende</span> <span class='ocrx_word' id='word_1_27' title='bbox 1460 789 1462 798; x_wconf 45' lang='lat'>,</span> 
     </span>
     <span class='ocr_line' id='line_1_5' title="bbox 333 815 945 902; baseline 0 -20"><span class='ocrx_word' id='word_1_28' title='bbox 333 826 420 898; x_wconf 84' lang='lat' dir='ltr'>sunt,</span> <span class='ocrx_word' id='word_1_29' title='bbox 445 815 499 901; x_wconf 90' lang='lat' dir='ltr'>qui</span> <span class='ocrx_word' id='word_1_30' title='bbox 521 815 602 882; x_wconf 88' lang='lat' dir='ltr'>tueri</span> <span class='ocrx_word' id='word_1_31' title='bbox 626 835 779 902; x_wconf 79' lang='lat' dir='ltr'>possess</span> <span class='ocrx_word' id='word_1_32' title='bbox 802 827 945 901; x_wconf 76' lang='lat' dir='ltr'>negatur.</span> 
     </span>
    </p>
   </div>
   <div class='ocr_carea' id='block_1_3' title="bbox 332 949 1378 1424">
    <p class='ocr_par' dir='ltr' id='par_1_4' title="bbox 332 949 1378 1424">
     <span class='ocr_line' id='line_1_6' title="bbox 437 949 1378 1038; baseline 0 -22"><span class='ocrx_word' id='word_1_33' title='bbox 437 949 587 1017; x_wconf 82' lang='lat' dir='ltr'>Omnibus</span> <span class='ocrx_word' id='word_1_34' title='bbox 619 949 669 1016; x_wconf 83' lang='lat' dir='ltr'>lis</span> <span class='ocrx_word' id='word_1_35' title='bbox 701 950 868 1038; x_wconf 78' lang='lat' dir='ltr'>explicatis</span> <span class='ocrx_word' id='word_1_36' title='bbox 906 949 1031 1016; x_wconf 87' lang='lat' dir='ltr'>illorum</span> <span class='ocrx_word' id='word_1_37' title='bbox 1067 949 1197 1015; x_wconf 90' lang='lat' dir='ltr'>duorum</span> <span class='ocrx_word' id='word_1_38' title='bbox 1226 972 1378 1030; x_wconf 86' lang='lat' dir='ltr'>versuum,</span> 
     </span>
     <span class='ocr_line' id='line_1_7' title="bbox 333 1051 1377 1138; baseline 0.001 -21"><span class='ocrx_word' id='word_1_39' title='bbox 333 1053 385 1138; x_wconf 88' lang='lat' dir='ltr'>qui</span> <span class='ocrx_word' id='word_1_40' title='bbox 410 1069 506 1138; x_wconf 86' lang='lat' dir='ltr'>supra</span> <span class='ocrx_word' id='word_1_41' title='bbox 529 1051 627 1117; x_wconf 86' lang='lat' dir='ltr'>adlati</span> <span class='ocrx_word' id='word_1_42' title='bbox 650 1063 738 1131; x_wconf 87' lang='lat' dir='ltr'>sunt,</span> <span class='ocrx_word' id='word_1_43' title='bbox 761 1051 844 1118; x_wconf 89' lang='lat' dir='ltr'>haud</span> <span class='ocrx_word' id='word_1_44' title='bbox 868 1053 937 1118; x_wconf 94' lang='lat' dir='ltr'>scio</span> <span class='ocrx_word' id='word_1_45' title='bbox 960 1069 1000 1116; x_wconf 89' lang='lat' dir='ltr'>an</span> <span class='ocrx_word' id='word_1_46' title='bbox 1025 1061 1109 1115; x_wconf 85' lang='lat' dir='ltr'>recte</span> <span class='ocrx_word' id='word_1_47' title='bbox 1135 1053 1317 1118; x_wconf 87' lang='lat' dir='ltr'>enucleatus</span> <span class='ocrx_word' id='word_1_48' title='bbox 1340 1052 1377 1118; x_wconf 86' lang='lat' dir='ltr'>sit</span> 
     </span>
     <span class='ocr_line' id='line_1_8' title="bbox 332 1149 1375 1240; baseline 0.001 -23"><span class='ocrx_word' id='word_1_49' title='bbox 332 1171 464 1232; x_wconf 88' lang='lat' dir='ltr'>sensus;</span> <span class='ocrx_word' id='word_1_50' title='bbox 494 1173 605 1240; x_wconf 73' lang='lat' dir='ltr'>eoque</span> <span class='ocrx_word' id='word_1_51' title='bbox 617 1149 718 1220; x_wconf 87' lang='lat' dir='ltr'>miuus</span> <span class='ocrx_word' id='word_1_52' title='bbox 743 1152 870 1231; x_wconf 85' lang='lat' dir='ltr'>dubito,</span> <span class='ocrx_word' id='word_1_53' title='bbox 902 1149 985 1240; x_wconf 89' lang='lat' dir='ltr'>quod</span> <span class='ocrx_word' id='word_1_54' title='bbox 1009 1151 1089 1217; x_wconf 87' lang='lat' dir='ltr'>haec</span> <span class='ocrx_word' id='word_1_55' title='bbox 1111 1171 1256 1220; x_wconf 87' lang='lat' dir='ltr'>versuum</span> <span class='ocrx_word' id='word_1_56' title='bbox 1279 1153 1375 1240; x_wconf 82' lang='lat' dir='ltr'>expli-</span> 
     </span>
     <span class='ocr_line' id='line_1_9' title="bbox 332 1252 1376 1342; baseline 0 -22"><span class='ocrx_word' id='word_1_57' title='bbox 332 1257 416 1321; x_wconf 89' lang='lat' dir='ltr'>catio</span> <span class='ocrx_word' id='word_1_58' title='bbox 439 1274 508 1321; x_wconf 89' lang='lat' dir='ltr'>curn</span> <span class='ocrx_word' id='word_1_59' title='bbox 535 1256 594 1334; x_wconf 88' lang='lat' dir='ltr'>iis,</span> <span class='ocrx_word' id='word_1_60' title='bbox 625 1275 706 1342; x_wconf 86' lang='lat' dir='ltr'>quae</span> <span class='ocrx_word' id='word_1_61' title='bbox 727 1256 891 1342; x_wconf 83' lang='lat' dir='ltr'><strong>prioribus</strong></span> <span class='ocrx_word' id='word_1_62' title='bbox 916 1254 1062 1322; x_wconf 87' lang='lat' dir='ltr'>uersibus</span> <span class='ocrx_word' id='word_1_63' title='bbox 1088 1252 1172 1320; x_wconf 91' lang='lat' dir='ltr'>dicta</span> <span class='ocrx_word' id='word_1_64' title='bbox 1194 1267 1284 1338; x_wconf 89' lang='lat' dir='ltr'>sunt,</span> <span class='ocrx_word' id='word_1_65' title='bbox 1306 1265 1376 1342; x_wconf 88' lang='lat' dir='ltr'>apte</span> 
     </span>
     <span class='ocr_line' id='line_1_10' title="bbox 332 1359 1354 1424; baseline 0 -2"><span class='ocrx_word' id='word_1_66' title='bbox 332 1359 487 1424; x_wconf 85' lang='lat' dir='ltr'>convenit.</span> <span class='ocrx_word' id='word_1_67' title='bbox 959 1375 963 1382; x_wconf 89' lang='lat'>·</span> <span class='ocrx_word' id='word_1_68' title='bbox 1352 1383 1354 1386; x_wconf 95' lang='lat'>·</span> 
     </span>
    </p>
   </div>
   <div class='ocr_carea' id='block_1_4' title="bbox 328 1469 1376 1966">
    <p class='ocr_par' dir='ltr' id='par_1_5' title="bbox 328 1469 1376 1966">
     <span class='ocr_line' id='line_1_11' title="bbox 430 1469 1374 1558; baseline -0.002 -20"><span class='ocrx_word' id='word_1_69' title='bbox 430 1475 510 1538; x_wconf 86' lang='lat' dir='ltr'>Pars</span> <span class='ocrx_word' id='word_1_70' title='bbox 534 1473 627 1538; x_wconf 89' lang='lat' dir='ltr'>tertia</span> <span class='ocrx_word' id='word_1_71' title='bbox 650 1472 866 1558; x_wconf 72' lang='lat' dir='ltr'>complectitur</span> <span class='ocrx_word' id='word_1_72' title='bbox 890 1493 939 1539; x_wconf 88' lang='lat' dir='ltr'>uv.</span> <span class='ocrx_word' id='word_1_73' title='bbox 968 1469 1117 1538; x_wconf 77' lang='lat'>17-24.</span> <span class='ocrx_word' id='word_1_74' title='bbox 1139 1471 1268 1537; x_wconf 82' lang='lat' dir='ltr'>&#39;eulsclr</span> <span class='ocrx_word' id='word_1_75' title='bbox 1289 1475 1374 1555; x_wconf 78' lang='lat' dir='ltr'>tripe-</span> 
     </span>
     <span class='ocr_line' id='line_1_12' title="bbox 331 1571 1374 1660; baseline -0.002 -21"><span class='ocrx_word' id='word_1_76' title='bbox 331 1574 390 1640; x_wconf 81' lang='lat' dir='ltr'>liclr</span> <span class='ocrx_word' id='word_1_77' title='bbox 407 1573 457 1640; x_wconf 84' lang='lat' dir='ltr'>elo</span> <span class='ocrx_word' id='word_1_78' title='bbox 472 1571 517 1660; x_wconf 64' lang='lat'>?⁶)</span> <span class='ocrx_word' id='word_1_79' title='bbox 538 1593 637 1640; x_wconf 80' lang='lat' dir='ltr'>moere</span> <span class='ocrx_word' id='word_1_80' title='bbox 660 1577 818 1642; x_wconf 87' lang='lat' dir='ltr'>‘narratio</span> <span class='ocrx_word' id='word_1_81' title='bbox 842 1575 926 1640; x_wconf 83' lang='lat' dir='ltr'>salsa</span> <span class='ocrx_word' id='word_1_82' title='bbox 947 1595 986 1644; x_wconf 84' lang='lat' dir='ltr'>ac</span> <span class='ocrx_word' id='word_1_83' title='bbox 1006 1572 1183 1639; x_wconf 82' lang='lat' dir='ltr'>mendaciis</span> <span class='ocrx_word' id='word_1_84' title='bbox 1198 1573 1374 1660; x_wconf 87' lang='lat' dir='ltr'>inquinata&#39;</span> 
     </span>
     <span class='ocr_line' id='line_1_13' title="bbox 332 1670 1376 1755; baseline 0.001 -15"><span class='ocrx_word' id='word_1_85' title='bbox 332 1677 392 1740; x_wconf 86' lang='lat' dir='ltr'>doz</span> <span class='ocrx_word' id='word_1_86' title='bbox 420 1681 478 1755; x_wconf 89' lang='lat' dir='ltr'>(sc.</span> <span class='ocrx_word' id='word_1_87' title='bbox 500 1678 611 1755; x_wconf 84' lang='lat' dir='ltr'>meere)</span> <span class='ocrx_word' id='word_1_88' title='bbox 641 1697 726 1742; x_wconf 79' lang='lat' dir='ltr'>werre</span> <span class='ocrx_word' id='word_1_89' title='bbox 758 1681 807 1742; x_wconf 83' lang='lat' dir='ltr'>iclr</span> <span class='ocrx_word' id='word_1_90' title='bbox 839 1679 897 1742; x_wconf 83' lang='lat' dir='ltr'>boz</span> <span class='ocrx_word' id='word_1_91' title='bbox 926 1670 1066 1754; x_wconf 78' lang='lat' dir='ltr'>reocle²⁷l</span> <span class='ocrx_word' id='word_1_92' title='bbox 1095 1696 1192 1740; x_wconf 84' lang='lat' dir='ltr'>woere</span> <span class='ocrx_word' id='word_1_93' title='bbox 1221 1675 1283 1740; x_wconf 81' lang='lat' dir='ltr'>dee</span> <span class='ocrx_word' id='word_1_94' title='bbox 1303 1680 1376 1742; x_wconf 79' lang='lat' dir='ltr'>uolut</span> 
     </span>
     <span class='ocr_line' id='line_1_14' title="bbox 328 1773 1374 1864; baseline 0.002 -23"><span class='ocrx_word' id='word_1_95' title='bbox 328 1776 369 1860; x_wconf 75' lang='lat' dir='ltr'>ris</span> <span class='ocrx_word' id='word_1_96' title='bbox 387 1781 463 1842; x_wconf 84' lang='lat' dir='ltr'>cirne</span> <span class='ocrx_word' id='word_1_97' title='bbox 478 1775 522 1856; x_wconf 71' lang='lat'>²⁸)</span> <span class='ocrx_word' id='word_1_98' title='bbox 544 1775 601 1842; x_wconf 78' lang='lat' dir='ltr'>sad</span> <span class='ocrx_word' id='word_1_99' title='bbox 623 1785 696 1860; x_wconf 87' lang='lat' dir='ltr'>‘ea,</span> <span class='ocrx_word' id='word_1_100' title='bbox 727 1780 854 1864; x_wconf 82' lang='lat' dir='ltr'>opinor,</span> <span class='ocrx_word' id='word_1_101' title='bbox 877 1773 971 1842; x_wconf 88' lang='lat' dir='ltr'>multo</span> <span class='ocrx_word' id='word_1_102' title='bbox 996 1775 1108 1840; x_wconf 88' lang='lat' dir='ltr'>melius</span> <span class='ocrx_word' id='word_1_103' title='bbox 1132 1785 1215 1840; x_wconf 89' lang='lat' dir='ltr'>esset</span> <span class='ocrx_word' id='word_1_104' title='bbox 1239 1776 1374 1862; x_wconf 87' lang='lat' dir='ltr'>hospitio</span> 
     </span>
     <span class='ocr_line' id='line_1_15' title="bbox 329 1875 1374 1966; baseline 0.001 -25"><span class='ocrx_word' id='word_1_105' title='bbox 329 1895 443 1942; x_wconf 86' lang='lat' dir='ltr'>carens</span> <span class='ocrx_word' id='word_1_106' title='bbox 475 1879 506 1942; x_wconf 90' lang='lat' dir='ltr'>iu</span> <span class='ocrx_word' id='word_1_107' title='bbox 538 1897 649 1966; x_wconf 87' lang='lat' dir='ltr'>campo</span> <span class='ocrx_word' id='word_1_108' title='bbox 678 1877 812 1958; x_wconf 81' lang='lat' dir='ltr'>nivali’3</span> <span class='ocrx_word' id='word_1_109' title='bbox 849 1877 1043 1944; x_wconf 86' lang='lat' dir='ltr'>Wolirarous</span> <span class='ocrx_word' id='word_1_110' title='bbox 1074 1875 1124 1940; x_wconf 84' lang='lat' dir='ltr'>luis</span> <span class='ocrx_word' id='word_1_111' title='bbox 1154 1875 1263 1942; x_wconf 85' lang='lat' dir='ltr'>vorbis</span> <span class='ocrx_word' id='word_1_112' title='bbox 1291 1876 1374 1950; x_wconf 88' lang='lat' dir='ltr'>haud</span> 
     </span>
    </p>
   </div>
   <div class='ocr_carea' id='block_1_5' title="bbox 220 1977 1371 2062">
    <p class='ocr_par' dir='ltr' id='par_1_6' title="bbox 220 1977 1371 2062">
     <span class='ocr_line' id='line_1_16' title="bbox 220 1977 1371 2062; baseline 0.002 -20"><span class='ocrx_word' id='word_1_113' title='bbox 220 1996 226 2004; x_wconf 92' lang='lat'>·</span> <span class='ocrx_word' id='word_1_114' title='bbox 328 1977 456 2044; x_wconf 86' lang='lat' dir='ltr'>dubium</span> <span class='ocrx_word' id='word_1_115' title='bbox 476 1977 600 2044; x_wconf 90' lang='lat' dir='ltr'>videtur</span> <span class='ocrx_word' id='word_1_116' title='bbox 619 1981 692 2062; x_wconf 87' lang='lat' dir='ltr'>quin</span> <span class='ocrx_word' id='word_1_117' title='bbox 712 1979 774 2044; x_wconf 89' lang='lat' dir='ltr'>hoc</span> <span class='ocrx_word' id='word_1_118' title='bbox 797 1977 904 2043; x_wconf 88' lang='lat' dir='ltr'>dicere</span> <span class='ocrx_word' id='word_1_119' title='bbox 925 1978 1076 2052; x_wconf 88' lang='lat' dir='ltr'>voluerit,</span> <span class='ocrx_word' id='word_1_120' title='bbox 1098 1977 1208 2043; x_wconf 87' lang='lat' dir='ltr'>melius</span> <span class='ocrx_word' id='word_1_121' title='bbox 1234 1990 1327 2057; x_wconf 78' lang='lat' dir='ltr'>esse,¹</span> <span class='ocrx_word' id='word_1_122' title='bbox 1344 1981 1371 2044; x_wconf 88' lang='lat' dir='ltr'>si</span> 
     </span>
    </p>
   </div>
   <div class='ocr_carea' id='block_1_6' title="bbox 325 2073 1462 2876">
    <p class='ocr_par' dir='ltr' id='par_1_7' title="bbox 325 2073 1462 2876">
     <span class='ocr_line' id='line_1_17' title="bbox 328 2073 1462 2165; baseline 0.001 -20"><span class='ocrx_word' id='word_1_123' title='bbox 328 2080 386 2147; x_wconf 90' lang='lat' dir='ltr'>sub</span> <span class='ocrx_word' id='word_1_124' title='bbox 412 2078 484 2145; x_wconf 88' lang='lat' dir='ltr'>divo</span> <span class='ocrx_word' id='word_1_125' title='bbox 505 2087 600 2164; x_wconf 88' lang='lat' dir='ltr'>atque</span> <span class='ocrx_word' id='word_1_126' title='bbox 621 2081 704 2143; x_wconf 87' lang='lat' dir='ltr'>inter</span> <span class='ocrx_word' id='word_1_127' title='bbox 725 2079 816 2145; x_wconf 89' lang='lat' dir='ltr'>nives</span> <span class='ocrx_word' id='word_1_128' title='bbox 837 2079 974 2145; x_wconf 81' lang='lat' dir='ltr'>mendax</span> <span class='ocrx_word' id='word_1_129' title='bbox 1003 2089 1099 2165; x_wconf 90' lang='lat' dir='ltr'>poeta</span> <span class='ocrx_word' id='word_1_130' title='bbox 1119 2078 1289 2145; x_wconf 84' lang='lat' dir='ltr'>mendacia</span> <span class='ocrx_word' id='word_1_131' title='bbox 1312 2101 1372 2146; x_wconf 91' lang='lat' dir='ltr'>sua</span> <span class='ocrx_word' id='word_1_132' title='bbox 1461 2073 1462 2078; x_wconf 62' lang='grc'>’</span> 
     </span>
     <span class='ocr_line' id='line_1_18' title="bbox 327 2178 1370 2265; baseline 0 -18"><span class='ocrx_word' id='word_1_133' title='bbox 327 2188 489 2257; x_wconf 83' lang='lat' dir='ltr'>narraret,</span> <span class='ocrx_word' id='word_1_134' title='bbox 514 2178 570 2244; x_wconf 92' lang='lat' dir='ltr'>ubi</span> <span class='ocrx_word' id='word_1_135' title='bbox 597 2178 648 2245; x_wconf 88' lang='lat' dir='ltr'>vel</span> <span class='ocrx_word' id='word_1_136' title='bbox 679 2179 808 2246; x_wconf 81' lang='lat' dir='ltr'>anullo</span> <span class='ocrx_word' id='word_1_137' title='bbox 832 2180 885 2247; x_wconf 89' lang='lat' dir='ltr'>vel</span> <span class='ocrx_word' id='word_1_138' title='bbox 907 2199 927 2246; x_wconf 94' lang='lat' dir='ltr'>a</span> <span class='ocrx_word' id='word_1_139' title='bbox 947 2182 1057 2265; x_wconf 90' lang='lat' dir='ltr'>paucis</span> <span class='ocrx_word' id='word_1_140' title='bbox 1078 2179 1289 2247; x_wconf 83' lang='lat' dir='ltr'>tantummodo</span> <span class='ocrx_word' id='word_1_141' title='bbox 1312 2200 1370 2248; x_wconf 85' lang='lat' dir='ltr'>au-</span> 
     </span>
     <span class='ocr_line' id='line_1_19' title="bbox 328 2277 1370 2368; baseline -0.001 -21"><span class='ocrx_word' id='word_1_142' title='bbox 328 2281 463 2358; x_wconf 87' lang='lat' dir='ltr'>diretur,</span> <span class='ocrx_word' id='word_1_143' title='bbox 494 2301 585 2368; x_wconf 87' lang='lat' dir='ltr'>quam</span> <span class='ocrx_word' id='word_1_144' title='bbox 615 2284 642 2348; x_wconf 90' lang='lat' dir='ltr'>si</span> <span class='ocrx_word' id='word_1_145' title='bbox 669 2281 703 2347; x_wconf 92' lang='lat' dir='ltr'>in</span> <span class='ocrx_word' id='word_1_146' title='bbox 732 2281 823 2348; x_wconf 87' lang='lat' dir='ltr'>domo</span> <span class='ocrx_word' id='word_1_147' title='bbox 858 2280 1019 2348; x_wconf 87' lang='lat' dir='ltr'>commode</span> <span class='ocrx_word' id='word_1_148' title='bbox 1047 2277 1211 2349; x_wconf 80' lang='lat' dir='ltr'>adstructo</span> <span class='ocrx_word' id='word_1_149' title='bbox 1232 2301 1271 2347; x_wconf 88' lang='lat' dir='ltr'>ac</span> <span class='ocrx_word' id='word_1_150' title='bbox 1293 2292 1370 2348; x_wconf 85' lang='lat' dir='ltr'>tern-</span> 
     </span>
     <span class='ocr_line' id='line_1_20' title="bbox 325 2381 1370 2471; baseline 0 -23"><span class='ocrx_word' id='word_1_151' title='bbox 325 2393 480 2470; x_wconf 87' lang='lat' dir='ltr'>pestaturn</span> <span class='ocrx_word' id='word_1_152' title='bbox 499 2383 561 2448; x_wconf 84' lang='lat' dir='ltr'>vim</span> <span class='ocrx_word' id='word_1_153' title='bbox 584 2382 626 2446; x_wconf 88' lang='lat' dir='ltr'>ab</span> <span class='ocrx_word' id='word_1_154' title='bbox 648 2381 764 2449; x_wconf 89' lang='lat' dir='ltr'>incolis</span> <span class='ocrx_word' id='word_1_155' title='bbox 787 2384 990 2471; x_wconf 83' lang='lat' dir='ltr'>prohibente,</span> <span class='ocrx_word' id='word_1_156' title='bbox 1014 2382 1068 2449; x_wconf 88' lang='lat' dir='ltr'>ubi</span> <span class='ocrx_word' id='word_1_157' title='bbox 1092 2382 1271 2452; x_wconf 87' lang='lat' dir='ltr'>auditorum</span> <span class='ocrx_word' id='word_1_158' title='bbox 1293 2403 1370 2449; x_wconf 91' lang='lat' dir='ltr'>con-</span> 
     </span>
     <span class='ocr_line' id='line_1_21' title="bbox 326 2472 1370 2578; baseline 0.001 -28"><span class='ocrx_word' id='word_1_159' title='bbox 326 2487 377 2550; x_wconf 92' lang='lat' dir='ltr'>cio</span> <span class='ocrx_word' id='word_1_160' title='bbox 398 2485 550 2570; x_wconf 81' lang='lat' dir='ltr'>frequens</span> <span class='ocrx_word' id='word_1_161' title='bbox 580 2483 648 2578; x_wconf 85' lang='lat' dir='ltr'>eius</span> <span class='ocrx_word' id='word_1_162' title='bbox 671 2483 763 2550; x_wconf 89' lang='lat' dir='ltr'>dictis</span> <span class='ocrx_word' id='word_1_163' title='bbox 785 2486 888 2573; x_wconf 82' lang='lat' dir='ltr'>decipi</span> <span class='ocrx_word' id='word_1_164' title='bbox 922 2472 1045 2574; x_wconf 88' lang='lat' dir='ltr'>posset,</span> <span class='ocrx_word' id='word_1_165' title='bbox 1074 2485 1242 2551; x_wconf 86' lang='lat' dir='ltr'>mendacia</span> <span class='ocrx_word' id='word_1_166' title='bbox 1271 2484 1370 2551; x_wconf 88' lang='lat' dir='ltr'>daret.</span> 
     </span>
     <span class='ocr_line' id='line_1_22' title="bbox 326 2585 1370 2666; baseline -0.002 -15"><span class='ocrx_word' id='word_1_167' title='bbox 326 2585 361 2652; x_wconf 86' lang='lat' dir='ltr'>sd</span> <span class='ocrx_word' id='word_1_168' title='bbox 383 2589 443 2652; x_wconf 85' lang='lat' dir='ltr'>doz</span> <span class='ocrx_word' id='word_1_169' title='bbox 462 2587 519 2666; x_wconf 90' lang='lat' dir='ltr'>(sc.</span> <span class='ocrx_word' id='word_1_170' title='bbox 539 2595 653 2666; x_wconf 85' lang='lat' dir='ltr'>moere)</span> <span class='ocrx_word' id='word_1_171' title='bbox 677 2589 746 2652; x_wconf 87' lang='lat' dir='ltr'>dem</span> <span class='ocrx_word' id='word_1_172' title='bbox 768 2589 883 2653; x_wconf 85' lang='lat' dir='ltr'>monde</span> <span class='ocrx_word' id='word_1_173' title='bbox 904 2591 1014 2653; x_wconf 85' lang='lat' dir='ltr'>werde</span> <span class='ocrx_word' id='word_1_174' title='bbox 1034 2588 1083 2652; x_wconf 79' lang='lat' dir='ltr'>rod</span> <span class='ocrx_word' id='word_1_175' title='bbox 1104 2589 1147 2652; x_wconf 84' lang='lat' dir='ltr'>‘si</span> <span class='ocrx_word' id='word_1_176' title='bbox 1172 2588 1234 2651; x_wconf 89' lang='lat' dir='ltr'>ista</span> <span class='ocrx_word' id='word_1_177' title='bbox 1255 2603 1370 2650; x_wconf 85' lang='lat' dir='ltr'>narra-</span> 
     </span>
     <span class='ocr_line' id='line_1_23' title="bbox 326 2685 1373 2770; baseline -0.001 -17"><span class='ocrx_word' id='word_1_178' title='bbox 326 2690 387 2764; x_wconf 90' lang='lat' dir='ltr'>tio,</span> <span class='ocrx_word' id='word_1_179' title='bbox 413 2686 484 2752; x_wconf 90' lang='lat' dir='ltr'>dum</span> <span class='ocrx_word' id='word_1_180' title='bbox 511 2696 677 2767; x_wconf 89' lang='lat' dir='ltr'>narratur,</span> <span class='ocrx_word' id='word_1_181' title='bbox 708 2685 818 2753; x_wconf 90' lang='lat' dir='ltr'>dolore</span> <span class='ocrx_word' id='word_1_182' title='bbox 840 2686 990 2756; x_wconf 90' lang='lat' dir='ltr'>adiiceret</span> <span class='ocrx_word' id='word_1_183' title='bbox 1010 2687 1042 2753; x_wconf 92' lang='lat' dir='ltr'>id</span> <span class='ocrx_word' id='word_1_184' title='bbox 1067 2687 1135 2766; x_wconf 91' lang='lat' dir='ltr'>os&#39;,</span> <span class='ocrx_word' id='word_1_185' title='bbox 1159 2691 1231 2752; x_wconf 84' lang='lat' dir='ltr'>‹lerz</span> <span class='ocrx_word' id='word_1_186' title='bbox 1253 2685 1294 2751; x_wconf 81' lang='lat' dir='ltr'>oiz&#39;</span> <span class='ocrx_word' id='word_1_187' title='bbox 1315 2690 1373 2770; x_wconf 69' lang='lat' dir='ltr'>loir</span> 
     </span>
     <span class='ocr_line' id='line_1_24' title="bbox 325 2784 1368 2876; baseline -0.003 -21"><span class='ocrx_word' id='word_1_188' title='bbox 325 2787 459 2856; x_wconf 82' lang='lat' dir='ltr'>wdrlroit</span> <span class='ocrx_word' id='word_1_189' title='bbox 481 2789 589 2856; x_wconf 73' lang='lat' dir='ltr'>breim</span> <span class='ocrx_word' id='word_1_190' title='bbox 608 2788 707 2875; x_wconf 83' lang='lat' dir='ltr'>‘quod</span> <span class='ocrx_word' id='word_1_191' title='bbox 723 2807 792 2856; x_wconf 88' lang='lat' dir='ltr'>earn</span> <span class='ocrx_word' id='word_1_192' title='bbox 810 2810 866 2876; x_wconf 90' lang='lat' dir='ltr'>pro</span> <span class='ocrx_word' id='word_1_193' title='bbox 882 2809 960 2856; x_wconf 88' lang='lat' dir='ltr'>vera</span> <span class='ocrx_word' id='word_1_194' title='bbox 977 2788 1120 2854; x_wconf 79' lang='lat' dir='ltr'>enuntiat</span> <span class='ocrx_word' id='word_1_195' title='bbox 1136 2784 1368 2874; x_wconf 83' lang='lat' dir='ltr'>divulgatque&#39;:</span> 
     </span>
    </p>
   </div>
   <div class='ocr_carea' id='block_1_7' title="bbox 325 3054 1369 3240">
    <p class='ocr_par' dir='ltr' id='par_1_8' title="bbox 325 3054 1369 3240">
     <span class='ocr_line' id='line_1_25' title="bbox 325 3054 1369 3160; baseline -0.006 -18"><span class='ocrx_word' id='word_1_196' title='bbox 325 3086 374 3155; x_wconf 83' lang='lat'>26)</span> <span class='ocrx_word' id='word_1_197' title='bbox 395 3084 433 3160; x_wconf 79' lang='lat' dir='ltr'>lle</span> <span class='ocrx_word' id='word_1_198' title='bbox 453 3084 567 3138; x_wconf 82' lang='lat' dir='ltr'>articulo</span> <span class='ocrx_word' id='word_1_199' title='bbox 584 3084 723 3140; x_wconf 84' lang='lat' dir='ltr'>indefinito</span> <span class='ocrx_word' id='word_1_200' title='bbox 739 3054 814 3140; x_wconf 20' lang='lat' dir='ltr'>&#39;iuter</span> <span class='ocrx_word' id='word_1_201' title='bbox 833 3083 993 3138; x_wconf 85' lang='lat' dir='ltr'>adiectiruru</span> <span class='ocrx_word' id='word_1_202' title='bbox 1019 3089 1046 3138; x_wconf 93' lang='lat' dir='ltr'>et</span> <span class='ocrx_word' id='word_1_203' title='bbox 1062 3084 1257 3138; x_wconf 83' lang='lat' dir='ltr'>substantivum</span> <span class='ocrx_word' id='word_1_204' title='bbox 1278 3085 1369 3152; x_wconf 86' lang='lat' dir='ltr'>posito</span> 
     </span>
     <span class='ocr_line' id='line_1_26' title="bbox 395 3166 1342 3240; baseline -0.008 -18"><span class='ocrx_word' id='word_1_205' title='bbox 395 3169 432 3224; x_wconf 87' lang='lat' dir='ltr'>ol.-</span> <span class='ocrx_word' id='word_1_206' title='bbox 450 3183 519 3240; x_wconf 87' lang='lat' dir='ltr'>quae</span> <span class='ocrx_word' id='word_1_207' title='bbox 538 3168 609 3238; x_wconf 84' lang='lat' dir='ltr'>opud</span> <span class='ocrx_word' id='word_1_208' title='bbox 630 3166 784 3224; x_wconf 75' lang='lat' dir='ltr'>[ieiunium</span> <span class='ocrx_word' id='word_1_209' title='bbox 802 3183 915 3238; x_wconf 78' lang='lat' dir='ltr'>granu.</span> <span class='ocrx_word' id='word_1_210' title='bbox 936 3169 989 3223; x_wconf 83' lang='lat' dir='ltr'>rol.</span> <span class='ocrx_word' id='word_1_211' title='bbox 1009 3171 1043 3234; x_wconf 85' lang='lat'>4,</span> <span class='ocrx_word' id='word_1_212' title='bbox 1063 3184 1089 3238; x_wconf 84' lang='lat' dir='ltr'>p.</span> <span class='ocrx_word' id='word_1_213' title='bbox 1110 3171 1163 3224; x_wconf 77' lang='lat'>417</span> <span class='ocrx_word' id='word_1_214' title='bbox 1181 3166 1253 3220; x_wconf 86' lang='lat' dir='ltr'>dieta</span> <span class='ocrx_word' id='word_1_215' title='bbox 1272 3172 1342 3220; x_wconf 86' lang='lat' dir='ltr'>suot.</span> 
     </span>
    </p>
   </div>
   <div class='ocr_carea' id='block_1_8' title="bbox 324 3279 1371 3603">
    <p class='ocr_par' dir='ltr' id='par_1_9' title="bbox 324 3279 1371 3603">
     <span class='ocr_line' id='line_1_27' title="bbox 324 3279 1369 3352; baseline -0.007 -12"><span class='ocrx_word' id='word_1_216' title='bbox 324 3285 375 3349; x_wconf 76' lang='lat'>27)</span> <span class='ocrx_word' id='word_1_217' title='bbox 395 3283 493 3338; x_wconf 82' lang='lat' dir='ltr'>Eadem</span> <span class='ocrx_word' id='word_1_218' title='bbox 519 3283 697 3337; x_wconf 74' lang='lat' dir='ltr'>translooatio</span> <span class='ocrx_word' id='word_1_219' title='bbox 723 3282 875 3352; x_wconf 84' lang='lat' dir='ltr'>particulae</span> <span class='ocrx_word' id='word_1_220' title='bbox 893 3283 978 3344; x_wconf 79' lang='lat' dir='ltr'>eorl,</span> <span class='ocrx_word' id='word_1_221' title='bbox 1005 3295 1075 3350; x_wconf 82' lang='lat' dir='ltr'>quae</span> <span class='ocrx_word' id='word_1_222' title='bbox 1094 3279 1129 3334; x_wconf 80' lang='lat' dir='ltr'>ed</span> <span class='ocrx_word' id='word_1_223' title='bbox 1148 3279 1298 3351; x_wconf 76' lang='lat' dir='ltr'>aagendam</span> <span class='ocrx_word' id='word_1_224' title='bbox 1314 3283 1369 3333; x_wconf 83' lang='lat' dir='ltr'>rin</span> 
     </span>
     <span class='ocr_line' id='line_1_28' title="bbox 398 3364 1370 3437; baseline -0.005 -17"><span class='ocrx_word' id='word_1_225' title='bbox 398 3369 601 3437; x_wconf 79' lang='lat' dir='ltr'>cooperationis</span> <span class='ocrx_word' id='word_1_226' title='bbox 621 3364 747 3434; x_wconf 71' lang='lat' dir='ltr'>adhiberi</span> <span class='ocrx_word' id='word_1_227' title='bbox 761 3365 847 3431; x_wconf 86' lang='lat' dir='ltr'>solet,</span> <span class='ocrx_word' id='word_1_228' title='bbox 868 3368 948 3420; x_wconf 78' lang='lat' dir='ltr'>etiarn</span> <span class='ocrx_word' id='word_1_229' title='bbox 967 3368 997 3418; x_wconf 90' lang='lat' dir='ltr'>in</span> <span class='ocrx_word' id='word_1_230' title='bbox 1015 3364 1106 3418; x_wconf 84' lang='lat' dir='ltr'>lurein.</span> <span class='ocrx_word' id='word_1_231' title='bbox 1122 3379 1147 3420; x_wconf 81' lang='lat' dir='ltr'>r.</span> <span class='ocrx_word' id='word_1_232' title='bbox 1166 3371 1236 3424; x_wconf 76' lang='lat'><strong>7328</strong></span> <span class='ocrx_word' id='word_1_233' title='bbox 1253 3365 1370 3434; x_wconf 79' lang='lat' dir='ltr'>legitur:</span> 
     </span>
     <span class='ocr_line' id='line_1_29' title="bbox 394 3447 1371 3519; baseline -0.005 -14"><span class='ocrx_word' id='word_1_234' title='bbox 394 3452 444 3505; x_wconf 83' lang='lat' dir='ltr'>daz</span> <span class='ocrx_word' id='word_1_235' title='bbox 469 3450 494 3506; x_wconf 85' lang='lat' dir='ltr'>si</span> <span class='ocrx_word' id='word_1_236' title='bbox 520 3452 568 3506; x_wconf 91' lang='lat' dir='ltr'>der</span> <span class='ocrx_word' id='word_1_237' title='bbox 591 3451 727 3519; x_wconf 83' lang='lat' dir='ltr'>jungerer</span> <span class='ocrx_word' id='word_1_238' title='bbox 756 3447 825 3504; x_wconf 81' lang='lat' dir='ltr'>doelr</span> <span class='ocrx_word' id='word_1_239' title='bbox 846 3447 895 3503; x_wconf 91' lang='lat' dir='ltr'>daz</span> <span class='ocrx_word' id='word_1_240' title='bbox 920 3447 1001 3504; x_wconf 85' lang='lat' dir='ltr'>dritte</span> <span class='ocrx_word' id='word_1_241' title='bbox 1021 3449 1069 3504; x_wconf 88' lang='lat' dir='ltr'>teil</span> <span class='ocrx_word' id='word_1_242' title='bbox 1092 3447 1128 3502; x_wconf 91' lang='lat' dir='ltr'>od</span> <span class='ocrx_word' id='word_1_243' title='bbox 1151 3450 1236 3503; x_wconf 84' lang='lat' dir='ltr'>miore</span> <span class='ocrx_word' id='word_1_244' title='bbox 1255 3447 1325 3502; x_wconf 85' lang='lat' dir='ltr'>noolr</span> <span class='ocrx_word' id='word_1_245' title='bbox 1344 3450 1371 3500; x_wconf 93' lang='lat' dir='ltr'>ir</span> 
     </span>
     <span class='ocr_line' id='line_1_30' title="bbox 392 3529 743 3603; baseline -0.003 -15"><span class='ocrx_word' id='word_1_246' title='bbox 392 3535 536 3588; x_wconf 85' lang='lat' dir='ltr'>erbctciles</span> <span class='ocrx_word' id='word_1_247' title='bbox 554 3532 643 3586; x_wconf 86' lang='lat' dir='ltr'>wolde</span> <span class='ocrx_word' id='word_1_248' title='bbox 662 3529 743 3603; x_wconf 74' lang='lat' dir='ltr'>gebn&#39;.</span> 
     </span>
    </p>
   </div>
   <div class='ocr_carea' id='block_1_9' title="bbox 322 3630 1459 3718">
    <p class='ocr_par' dir='ltr' id='par_1_10' title="bbox 322 3630 1459 3718">
     <span class='ocr_line' id='line_1_31' title="bbox 322 3630 1459 3718; baseline -0.006 -14"><span class='ocrx_word' id='word_1_249' title='bbox 322 3647 370 3718; x_wconf 85' lang='grc'>28)</span> <span class='ocrx_word' id='word_1_250' title='bbox 390 3647 502 3701; x_wconf 81' lang='lat' dir='ltr'>Articuli</span> <span class='ocrx_word' id='word_1_251' title='bbox 520 3647 653 3707; x_wconf 75' lang='lat' dir='ltr'>indefiniti</span> <span class='ocrx_word' id='word_1_252' title='bbox 678 3646 768 3701; x_wconf 80' lang='lat' dir='ltr'>uerbis</span> <span class='ocrx_word' id='word_1_253' title='bbox 786 3645 963 3700; x_wconf 76' lang='lat' dir='ltr'>substantivis</span> <span class='ocrx_word' id='word_1_254' title='bbox 983 3630 1121 3698; x_wconf 79' lang='lat' dir='ltr'>materian</span> <span class='ocrx_word' id='word_1_255' title='bbox 1141 3644 1258 3716; x_wconf 81' lang='lat' dir='ltr'>aliquem</span> <span class='ocrx_word' id='word_1_256' title='bbox 1277 3648 1368 3715; x_wconf 82' lang='lat' dir='ltr'>signi·</span> <span class='ocrx_word' id='word_1_257' title='bbox 1458 3705 1459 3710; x_wconf 7' lang='grc' dir='ltr'>ἵ</span> 
     </span>
    </p>
   </div>
   <div class='ocr_carea' id='block_1_10' title="bbox 390 3726 1459 3960">
    <p class='ocr_par' dir='ltr' id='par_1_11' title="bbox 390 3726 1459 3960">
     <span class='ocr_line' id='line_1_32' title="bbox 390 3726 1459 3801; baseline 0 -17"><span class='ocrx_word' id='word_1_258' title='bbox 390 3731 531 3784; x_wconf 84' lang='lat' dir='ltr'>ficautilrus</span> <span class='ocrx_word' id='word_1_259' title='bbox 555 3731 686 3784; x_wconf 87' lang='lat' dir='ltr'>interdurn</span> <span class='ocrx_word' id='word_1_260' title='bbox 712 3729 895 3784; x_wconf 82' lang='lat' dir='ltr'>antecedentis</span> <span class='ocrx_word' id='word_1_261' title='bbox 921 3727 992 3799; x_wconf 72' lang='lat' dir='ltr'>apud</span> <span class='ocrx_word' id='word_1_262' title='bbox 1010 3726 1163 3782; x_wconf 83' lang='lat' dir='ltr'>Grimrnirrnr</span> <span class='ocrx_word' id='word_1_263' title='bbox 1181 3745 1292 3801; x_wconf 75' lang='lat' dir='ltr'>gramm.</span> <span class='ocrx_word' id='word_1_264' title='bbox 1314 3731 1370 3784; x_wconf 89' lang='lat' dir='ltr'>vol.</span> <span class='ocrx_word' id='word_1_265' title='bbox 1458 3739 1459 3798; x_wconf 57' lang='grc' dir='ltr'>ζ</span> 
     </span>
     <span class='ocr_line' id='line_1_33' title="bbox 390 3807 1459 3902; baseline -0.005 -31"><span class='ocrx_word' id='word_1_266' title='bbox 390 3821 423 3879; x_wconf 83' lang='grc'>4,</span> <span class='ocrx_word' id='word_1_267' title='bbox 450 3832 477 3884; x_wconf 89' lang='lat' dir='ltr'>p.</span> <span class='ocrx_word' id='word_1_268' title='bbox 494 3816 544 3869; x_wconf 78' lang='grc'>411</span> <span class='ocrx_word' id='word_1_269' title='bbox 561 3813 653 3867; x_wconf 83' lang='lat' dir='ltr'>adlata</span> <span class='ocrx_word' id='word_1_270' title='bbox 671 3819 734 3867; x_wconf 87' lang='lat' dir='ltr'>sunt</span> <span class='ocrx_word' id='word_1_271' title='bbox 752 3814 888 3882; x_wconf 77' lang='lat' dir='ltr'>exempla,</span> <span class='ocrx_word' id='word_1_272' title='bbox 916 3813 1014 3885; x_wconf 77' lang='lat' dir='ltr'>quilius</span> <span class='ocrx_word' id='word_1_273' title='bbox 1032 3812 1096 3867; x_wconf 84' lang='lat' dir='ltr'>addi</span> <span class='ocrx_word' id='word_1_274' title='bbox 1115 3819 1228 3884; x_wconf 83' lang='lat' dir='ltr'>possunt</span> <span class='ocrx_word' id='word_1_275' title='bbox 1245 3813 1315 3877; x_wconf 83' lang='lat' dir='ltr'>ella,</span> <span class='ocrx_word' id='word_1_276' title='bbox 1342 3819 1373 3866; x_wconf 90' lang='lat' dir='ltr'>ut</span> <span class='ocrx_word' id='word_1_277' title='bbox 1458 3807 1459 3902; x_wconf 57' lang='lat' dir='ltr'>l</span> 
     </span>
     <span class='ocr_line' id='line_1_34' title="bbox 391 3897 1459 3960; baseline 0.001 -10"><span class='ocrx_word' id='word_1_278' title='bbox 391 3897 600 3960; x_wconf 68' lang='lat' dir='ltr'>Panaetoli,</span> <span class='ocrx_word' id='word_1_279' title='bbox 627 3901 705 3952; x_wconf 88' lang='lat' dir='ltr'>v.15</span> <span class='ocrx_word' id='word_1_280' title='bbox 730 3903 856 3951; x_wconf 85' lang='lat' dir='ltr'>erwarrnt</span> <span class='ocrx_word' id='word_1_281' title='bbox 881 3897 911 3951; x_wconf 84' lang='lat' dir='ltr'>iri</span> <span class='ocrx_word' id='word_1_282' title='bbox 935 3901 1020 3952; x_wconf 78' lang='lat' dir='ltr'>einen</span> <span class='ocrx_word' id='word_1_283' title='bbox 1045 3897 1120 3952; x_wconf 80' lang='lat' dir='ltr'>iure.</span> <span class='ocrx_word' id='word_1_284' title='bbox 1156 3913 1179 3951; x_wconf 86' lang='lat' dir='ltr'>e.</span> <span class='ocrx_word' id='word_1_285' title='bbox 1198 3899 1267 3960; x_wconf 79' lang='grc'><strong>668,</strong></span> <span class='ocrx_word' id='word_1_286' title='bbox 1288 3911 1314 3950; x_wconf 81' lang='lat' dir='ltr'>v.</span> <span class='ocrx_word' id='word_1_287' title='bbox 1335 3901 1372 3952; x_wconf 84' lang='lat'>18</span> <span class='ocrx_word' id='word_1_288' title='bbox 1458 3907 1459 3930; x_wconf 64' lang='lat'>¹</span> 
     </span>
    </p>
   </div>
   <div class='ocr_carea' id='block_1_11' title="bbox 388 3977 1298 4062">
    <p class='ocr_par' dir='ltr' id='par_1_12' title="bbox 388 3977 1298 4062">
     <span class='ocr_line' id='line_1_35' title="bbox 388 3977 1298 4062; baseline -0.002 -28"><span class='ocrx_word' id='word_1_289' title='bbox 388 3981 417 4034; x_wconf 86' lang='lat' dir='ltr'>lri</span> <span class='ocrx_word' id='word_1_290' title='bbox 434 3977 515 4042; x_wconf 79' lang='lat' dir='ltr'>Artis</span> <span class='ocrx_word' id='word_1_291' title='bbox 536 3979 636 4036; x_wconf 83' lang='lat' dir='ltr'>sunder</span> <span class='ocrx_word' id='word_1_292' title='bbox 654 3979 687 4034; x_wconf 85' lang='lat' dir='ltr'>rii</span> <span class='ocrx_word' id='word_1_293' title='bbox 702 3983 746 4035; x_wconf 86' lang='lat' dir='ltr'>eiu</span> <span class='ocrx_word' id='word_1_294' title='bbox 764 3995 831 4062; x_wconf 73' lang='lat' dir='ltr'>gres</span> <span class='ocrx_word' id='word_1_295' title='bbox 851 3987 920 4036; x_wconf 80' lang='lat' dir='ltr'>wart</span> <span class='ocrx_word' id='word_1_296' title='bbox 938 3980 989 4037; x_wconf 80' lang='lat' dir='ltr'>dur</span> <span class='ocrx_word' id='word_1_297' title='bbox 1005 3982 1095 4051; x_wconf 82' lang='lat' dir='ltr'>gezelt</span> <span class='ocrx_word' id='word_1_298' title='bbox 1112 3979 1144 4036; x_wconf 88' lang='lat' dir='ltr'>rii</span> <span class='ocrx_word' id='word_1_299' title='bbox 1158 3980 1298 4050; x_wconf 65' lang='lat' dir='ltr'>perleges.</span> 
     </span>
    </p>
   </div>
   <div class='ocr_carea' id='block_1_12' title="bbox 0 0 1476 4690">
    <p class='ocr_par' dir='ltr' id='par_1_13' title="bbox 0 0 1476 4690">
     <span class='ocr_line' id='line_1_36' title="bbox 0 0 1476 4690; baseline 0 5"><span class='ocrx_word' id='word_1_300' title='bbox 0 0 1476 4690; x_wconf 95' lang='lat' dir='ltr'> </span> 
     </span>
    </p>
   </div>
  </div>
 </body>
</html>
