2942 4690
1094 361 1137 430 25

96 521 285 592 stabulon
304 538 396 596 ooo,
419 519 473 588 obi
495 537 516 586 a
534 537 615 588 vooe
629 523 760 592 looato
776 523 949 611 proleoturo
969 537 1024 611 est,
1048 529 1138 598 Lao.

96 627 147 692 nis
170 622 443 693 oouinnotiouibos
457 622 639 690 causalibus
654 624 934 710 respondetooro,
958 635 1045 713 pood
1065 645 1137 710 prm

99 737 166 803 sat,
196 727 248 794 oui
271 725 309 792 ei
331 724 462 792 voeilaus
485 727 615 792 iwoato
637 734 667 790 et
691 730 727 792 ro·
748 737 870 796 constat
898 732 996 817 (quaa
1019 751 1138 822 corpo.-

99 832 172 896 titio
193 827 354 915 paullatim
376 827 539 894 decurtata
566 836 621 892 est
640 829 699 906 ita,
727 838 760 894 ot
788 839 853 896 tros
875 841 993 900 tantum
1015 833 1139 902 litterae

7 1011 9 1034 μ
97 951 173 998 tooo
195 933 375 1009 reserent),
397 925 510 994 Latine
534 931 634 1012 poio?
657 927 709 994 uel
730 932 873 998 otioom!
893 934 983 1002 reddi
1008 942 1139 1024 poterin

99 1044 154 1100 aot
179 1033 313 1117 denique
339 1049 416 1096 woo
442 1030 599 1122 particula
629 1040 691 1107 est,
720 1052 803 1118 quae
834 1035 927 1102 modo
957 1038 998 1104 ad
1019 1049 1141 1125 partem

100 1136 340 1212 sententiarum,
371 1130 465 1198 modo
494 1131 535 1198 ad
564 1134 795 1209 enuntiationes
827 1145 909 1204 totas
937 1140 1140 1226 excipiendas

98 1235 342 1319 limitandasoue
365 1232 548 1311 adhibetur,
569 1234 663 1302 veluti
687 1257 889 1322 quamquam,
912 1244 985 1315 oiri,
1012 1254 1140 1326 excepto

100 1343 203 1424 pood,
226 1341 289 1406 sed.
324 1337 371 1402 til.
394 1337 433 1404 da
456 1335 518 1402 hae
546 1337 701 1425 partionla
722 1357 803 1424 quae
831 1339 1051 1410 Lachmannuu
1074 1343 1141 1412 dis-

98 1443 197 1510 seruit
226 1444 261 1507 in
285 1439 530 1526 lilibelongiadis
559 1438 831 1519 adnotationibus,
861 1453 914 1508 atr.
945 1443 1029 1523 442,
1059 1464 1087 1512 u.
1109 1446 1140 1514 ⁵.

98 1545 178 1622 852,
206 1549 235 1610 v'.
258 1545 288 1608 3.
335 1541 438 1619 1952,
468 1562 498 1608 v.
520 1540 551 1607 4.
605 1539 671 1606 Sed
694 1561 742 1606 eu·
760 1541 904 1609 omnibus
927 1545 977 1610 his
1000 1556 1142 1632 poteste-

99 1646 197 1722 tilnus3
234 1661 316 1729 qoae
344 1641 521 1731 particulae
548 1661 625 1708 roeo
653 1644 774 1718 insunt,
810 1642 890 1712 duas
921 1655 1037 1714 tanton
1067 1647 1140 1716 loeo

102 1744 329 1812 Wollrarniano
357 1756 448 1833 aptas
479 1745 582 1812 rideri
611 1764 708 1832 posse
739 1748 894 1814 existimo.
937 1745 1066 1825 ¹Etenim
1088 1752 1141 1834 qui

101 1847 218 1932 legerit
239 1848 321 1912 lrrrne
343 1847 463 1924 locunt,
488 1866 555 1912 enm
585 1850 716 1933 primurn
742 1845 936 1932 adspexerit,
962 1858 1016 1914 aut
1037 1853 1141 1936 sorpi-

103 1948 229 2016 eabitor
257 1946 365 2017 verbis
394 1946 444 2013 his
463 1967 556 2023 ooo,
587 1967 673 2014 stooz
702 1968 736 2016 or
757 1952 890 2032 opriodet
920 1952 997 2016 odor
1016 1956 1141 2035 sproolr,

102 2055 156 2118 dio
175 2052 248 2116 rede
282 2049 388 2116 delibet
420 2047 481 2114 dne
508 2053 588 2116 doolr
610 2069 741 2118 oausam
761 2051 914 2118 contineri
938 2071 1045 2120 earum
1066 2073 1142 2120 seu-

101 2155 284 2231 tertiarum,
313 2170 395 2237 quaa
417 2148 560 2219 versibus
582 2155 626 2216 im
648 2172 745 2218 tooere
773 2155 828 2218 der
850 2156 924 2220 litote
945 2157 1035 2240 nomo
1055 2167 1142 2240 poet,

101 2275 181 2321 aroer
210 2256 294 2320 dieite
333 2256 384 2336 lop
412 2256 470 2318 mit
496 2250 629 2318 todrlneit
664 2263 733 2318 tuot
762 2272 934 2340 expressae
965 2265 1054 2331 suut,
1091 2266 1144 2322 aot

102 2359 317 2444 exceptionem
346 2376 404 2422 seu
435 2353 680 2441 oppositionem
722 2353 810 2422 aliud
835 2354 938 2442 quid,
974 2355 1007 2422 ni
1036 2356 1142 2440 fallor,

101 2465 155 2527 vix
176 2461 296 2526 adsumi
319 2460 442 2544 poterit.
487 2456 597 2542 ltaque
619 2458 649 2523 si
672 2476 801 2526 oausam
823 2477 947 2536 eornm,
969 2477 1050 2545 quaa
1071 2470 1144 2526 auto

103 2563 187 2630 diota
217 2570 304 2638 sont,
332 2557 487 2652 partioula
514 2577 591 2622 wora
620 2558 758 2625 indicari
783 2571 940 2644 potamos,
975 2560 1006 2626 lui
1033 2581 1144 2630 versos

103 2674 251 2752 quattuor
269 2662 352 2729 hono
372 2661 441 2728 iare
464 2677 588 2732 sonsum
601 2658 812 2739 ,exhibebuna
836 2661 973 2728 orationi
991 2665 1070 2740 aius,
1091 2665 1143 2749 qui

102 2785 171 2832 oum
202 2767 334 2832 veritate
363 2763 421 2830 aad
452 2761 646 2848 frequentius
676 2761 803 2840 laudet,
833 2773 960 2850 propter
988 2763 1144 2850 idipsum

102 2867 186 2955 qood
217 2875 334 2932 sartum
367 2872 480 2930 tentum
516 2882 580 2929 nou
619 2865 660 2928 sit
694 2863 851 2931 hominum
879 2863 1145 2932 collaudationem

103 2970 342 3037 eonveniontem
365 2985 456 3032 osse:
489 2983 581 3051 qoam
603 2966 889 3051 interpretationem
912 2986 1008 3034 sensu
1032 2986 1144 3034 carere

105 3073 207 3159 quivis
241 3069 338 3136 laoile
371 3066 570 3148 intellexerit.
635 3067 745 3153 ltaque
781 3087 844 3134 non
883 3071 987 3154 inepte
1029 3071 1145 3136 leaisso

104 3175 176 3240 milri
199 3172 327 3260 videor,
357 3171 440 3258 quod
471 3169 558 3238 illam
589 3169 775 3256 particulam
797 3187 861 3268 non
886 3169 1010 3244 reddidi
1032 3168 1148 3236 Latina

105 3273 263 3362 particula
286 3273 389 3361 qualis
413 3280 460 3336 est
481 3269 629 3336 namuel
653 3273 757 3352 quod,
788 3267 844 3335 sed
869 3288 908 3334 ea
934 3289 1014 3357 quae
1042 3281 1090 3337 est
1114 3285 1148 3338 ot

105 3387 176 3463 (pro
200 3395 263 3463 qua
284 3377 378 3440 etiam
407 3391 602 3456 poomqoom
625 3373 768 3457 usurpari
798 3377 953 3458 poterat),
986 3372 1082 3458 idque
1108 3391 1146 3438 eo

103 3481 224 3563 magis,
246 3475 340 3564 ·qood
370 3493 486 3541 versuo
512 3475 552 3537 13
576 3483 608 3538 et
628 3472 672 3538 14
697 3473 844 3540 verubus
868 3476 908 3540 ll
934 3483 964 3539 et
985 3474 1027 3538 12
1048 3492 1149 3560 oppo-

105 3584 158 3648 siti
181 3599 251 3646 esse
277 3579 429 3646 uidentur.

209 3769 277 3836 lloo
306 3769 387 3834 enirn
418 3767 618 3852 significasse
640 3765 831 3832 Woliramus
860 3765 986 3833 videtur
1013 3769 1060 3852 (ot
1084 3784 1149 3830 rem

109 3873 209 3939 sosius
233 3871 448 3959 explicemus),
472 3871 523 3956 qui
545 3889 712 3956 personam
736 3871 926 3958 primariam,
948 3885 1079 3934 verosa
1102 3866 1150 3932 di-

111 3995 185 4040 cere
214 3975 276 4040 sibi
307 3976 470 4050 conscius,
497 3973 692 4057 frequentius
723 3971 866 4050 extollat,
898 3991 966 4038 eunt
994 3969 1150 4036 hominum
