2942 4690
288 549 291 556 ·
325 521 379 590 diu
393 522 505 610 ‘neget
526 521 646 590 renent
666 527 697 590 ir
716 525 879 612 virgerlin

126 648 130 656 ·
211 667 214 674 -
324 625 482 693 zuisohen
505 625 657 692 diezene
679 629 746 693 sin:
809 677 812 684 .

227 723 279 789 1⁵.
312 729 379 792 umit
400 730 520 811 grdzen
541 727 661 811 inopen
687 727 943 814 dengesehoolt.

325 829 370 894 do·
386 833 447 912 goz
468 831 495 894 si
519 827 579 896 dez
606 847 728 906 unzter
747 834 840 911 ndei,

227 969 231 976 ·
323 931 444 1010 sande,
475 929 538 998 und
562 931 642 998 eber
664 936 760 1006 mire.

156 1051 161 1064 ‚
216 1026 312 1096 Primi
346 1049 459 1098 versus
489 1031 675 1100 unorbuium
708 1034 863 1122 oioperiio
900 1045 962 1102 tem
992 1035 1162 1106 Seduluirm

116 1141 217 1216 quom
230 1129 425 1201 Simrookiur
444 1135 477 1200 in
501 1151 560 1202 sue
582 1137 883 1220 quisque'uersiono
905 1138 1044 1206 reddidit
1060 1159 1158 1206 uooa-

117 1231 200 1300 buiir
237 1253 319 1321 quae
354 1246 426 1302 sunt
462 1240 553 1320 simp,
588 1238 760 1320 riopeieim
797 1232 862 1323 pne
899 1241 1158 1327 interpretatione

116 1333 256 1403 arbitror
277 1337 402 1404 minime
424 1337 474 1416 id,
500 1336 584 1425 quod
608 1337 719 1404 dicere
739 1349 834 1426 poeto
855 1340 1006 1424 voluerit,
1027 1364 1158 1432 expres·

95 1454 181 1502 ,sum
210 1459 291 1508 esse.
325 1439 473 1532 *Nullum
512 1444 594 1508 eninr
627 1438 863 1508 instrumentum
893 1442 934 1508 ed
962 1445 1159 1512 intermortui

1 1581 2 1588 κ
117 1540 289 1626 cuiuspiam
330 1541 477 1612 meridies
516 1542 754 1628 disiungendos'
790 1545 890 1610 minus
927 1556 1031 1632 aptum
1075 1566 1159 1628 esse,

115 1659 207 1726 quam
230 1644 391 1724 annulum,
413 1665 525 1734 perse
547 1656 640 1734 potet
685 1643 805 1712 Erenim
827 1647 979 1726 annulus,
1003 1653 1158 1716 materiae

115 1752 230 1811 tontum
252 1765 314 1814 nou
334 1769 463 1836 expers,
484 1749 585 1816 forma
609 1741 844 1825 rotunda,.non
866 1753 1060 1832 acuminata,
1090 1771 1161 1818 nm-

115 1845 230 1926 nubrio
251 1867 381 1929 cereus,
404 1853 445 1918 ed
467 1873 534 1920 rem
550 1850 637 1918 illem
657 1849 889 1938 exsequendam
907 1871 1017 1938 perum
1033 1873 1159 1920 norom·

1 2035 2 2040 ¹
116 1946 259 2014 nodatus
279 1961 335 2018 est
372 1951 497 2040 ltaque,
521 1945 645 2020 ei'ianrsi
661 1943 848 2021 vorandium
863 1953 1019 2036 oioperiio
1041 1961 1161 2022 ‘annm

1 2101 2 2104 ,
117 2049 194 2115 ium'
209 2063 325 2118 tantum
340 2055 523 2140 significare
540 2056 673 2133 videtur,
694 2065 822 2143 praeter
843 2073 935 2141 quam
952 2055 1159 2140 significatiu-

116 2171 186 2217 nem
216 2173 274 2220 uec
305 2155 484 2224 Beneckius
509 2157 604 2238 (mhd.
627 2156 774 2225 udrterb.
796 2158 835 2234 3,
864 2157 963 2236 322·)
992 2146 1053 2222 neo
1082 2156 1158 2224 Zie-

1 2253 2 2272 ¹
116 2271 249 2322 mannus
277 2257 371 2324 eiiam
402 2258 569 2326 attuierunt
599 2259 707 2338 uilem,
725 2278 923 2361 ¹persuasum
949 2269 1055 2325 tomen
1084 2261 1158 2327 mihi

1 2395 4 2458 5
117 2364 180 2436 est,
214 2357 274 2424 hoc
302 2359 374 2427 ioco
401 2361 589 2428 uocabulum
618 2360 774 2448 odoporiio
804 2381 869 2427 non
892 2361 1049 2429 vocabulo
1075 2362 1158 2449 quod

119 2467 165 2522 est
186 2461 259 2542 riop
283 2463 525 2529 convertendum
547 2485 636 2542 esse,
657 2463 713 2530 sed
733 2463 839 2534 aliter.

221 2553 321 2628 Etiam
342 2561 476 2629 lacobus
499 2563 663 2632 Grimmius
687 2569 830 2649 (gramm.
850 2558 912 2630 vol.
934 2565 971 2643 2,
1000 2566 1077 2646 132)
1100 2565 1158 2632 do-

118 2660 195 2738 cuit,
216 2683 255 2728 ex
274 2663 430 2732 vocabulo
453 2669 598 2732 odoi-iri
629 2665 685 2750 (oi.
710 2665 807 2748 Gpeff.
827 2665 899 2732 ahd.
925 2666 1106 2756 spraohsoh.
1126 2669 1157 2749 3,

118 2763 196 2843 529)
227 2767 414 2833 vocabulum
443 2767 653 2854 pop-trun,
681 2767 766 2853 quod
796 2772 878 2836 sicut
900 2766 1076 2847 δακτύλιος
1102 2791 1159 2857 pro

119 2865 275 2935 adiectivo
313 2871 479 2954 (dipituiis)
518 2869 628 2935 heberi
658 2871 774 2958 possit,
814 2870 983 2936 derivatum
1013 2869 1159 2958 idemque

120 2967 235 3036 deinde
264 2969 491 3038 substantivum
518 2969 692 3055 rioporlio,
731 2972 789 3037 sed
825 2991 887 3037 non
915 2981 1002 3059 apte,
1045 2971 1161 3040 iactum

121 3091 206 3149 esse,
242 3093 303 3159 quo
335 3074 527 3142 substantivo
565 3090 600 3139 re
628 3067 707 3140 vere
735 3075 899 3157 dipitoium
926 3084 1059 3155 tontum,
1096 3092 1161 3144 nou

121 3173 276 3239 enormium
301 3173 444 3242 denotari
472 3193 577 3263 posse.
632 3173 810 3241 Grimmium
842 3185 926 3241 reete
957 3176 1067 3241 dicere
1100 3176 1161 3244 inne

119 3277 295 3344 Parzivaiis
324 3276 396 3344 ioco
423 3277 760 3366 potestoonprobari,
791 3277 906 3364 quippe
937 3294 999 3362 quo
1019 3275 1161 3347 vocabu·

120 3378 183 3444 lum
212 3381 366 3463 oioperiio
392 3377 559 3446 vocabulis
591 3384 783 3466 peperimus
799 3381 916 3448 irleioer
943 3382 1043 3464 popo·
1064 3381 1161 3448 inter·

121 3481 302 3568 pretandum
334 3487 406 3548 esse
437 3483 643 3549 certissimum
666 3482 818 3548 videatur.
860 3479 983 3548 Nullum
1007 3481 1089 3543 enim
1113 3480 1163 3544 in·

3 3667 4 3682 χ
122 3593 321 3650 strumentum
349 3597 410 3652 tam
442 3583 675 3652 accommodate
705 3583 796 3672 quam
829 3581 947 3668 digitus
973 3580 1163 3670 perdentes

122 3687 155 3750 in
176 3705 211 3750 os
233 3697 399 3772 penetrare
422 3690 545 3774 poterit.
590 3683 712 3752 Etenim
737 3687 869 3770 unguis,
900 3687 1081 3772 praetenuis
1105 3682 1163 3750 sot

122 3787 227 3853 firmus
256 3798 350 3874 utque
376 3799 500 3867 erutus,
533 3785 630 3852 sarilo
661 3807 701 3854 eo
729 3787 843 3853 leniter
865 3805 922 3874 per
953 3786 1064 3852 dentes
1090 3805 1163 3852 sese

3 3917 4 3920 ¹
108 3889 314 3969 insinuabit,
338 3889 518 3978 digitusque
542 3888 641 3971 odeo,
663 3892 769 3976 quiin
793 3889 927 3978 palmum
945 3909 1057 3956 versus
1073 3906 1164 3954 cres-

3 4001 4 4040 ?
121 3994 189 4057 sior
209 4005 270 4071 est,
301 4012 436 4077 unguem
460 3995 565 4076 magis
591 3991 732 4092 urgebit.
762 4002 794 4058 ut
822 3996 930 4058 rimom
962 3993 1024 4057 iam
1052 3990 1163 4056 iactam
