2942 4690
315 331 360 408 tt

314 505 371 568 dos
394 503 519 571 centem
543 504 577 564 ia
598 501 713 582 ‚ombus
735 501 841 582 [uerit.
855 451 986 581 otbapo,
1012 501 1273 593 absconduntur.
1312 501 1358 568 Gi.
1469 487 1470 490 ¹

315 601 454 673 eiusdem
483 599 555 666 libri
580 621 647 688 cap.
672 600 733 680 XI,
764 619 793 668 u.
818 591 970 666 13-‘154
1024 599 1132 687 ltaque
1160 604 1238 666 meri
1261 603 1361 688 piscis

313 723 390 774 euro
422 723 490 770 curm
519 723 582 768 non
612 706 778 788 qucquam
803 723 864 788 quo
887 701 1003 770 oiiendi
1026 705 1108 772 ocuti
1129 705 1267 790 possint,
1301 702 1358 770 sed

313 826 375 892 quo
404 815 555 870 sanentur
582 808 686 890 prorius
719 807 825 870 inesse
854 806 1045 890 antiquitus
1069 807 1218 872 creditum
1255 806 1356 874 fuisse

311 907 471 985 videatur,
495 919 741 983 consentaneum¹
762 915 819 984 est,
842 905 1026 992 adparatum
1042 907 1162 978 denum
1181 919 1212 973 et
1227 919 1357 986 coctum,

312 1009 437 1095 qualem
466 1008 567 1078 solum
596 1010 680 1086 haud
709 1003 804 1084 dubie
828 1019 1050 1095 poetanoster
1078 1008 1098 1074 l.
1121 1007 1141 1074 l.
1165 1011 1356 1094 significavit

248 1111 249 1118 ’
311 1113 445 1198 piscem,
475 1114 599 1178 noxium
621 1111 719 1196 vulgo
740 1111 877 1186 habitum
908 1130 989 1176 esse.
1043 1109 1133 1194 Quod
1165 1115 1192 1185 si
1224 1115 1275 1190 ita
1300 1123 1358 1192 est,

312 1215 455 1280 nocivam
477 1217 539 1280 uim
559 1215 592 1278 in
622 1212 844 1291 condimentis,
873 1213 986 1299 quibus
1016 1205 1122 1298 pisces
1149 1233 1210 1302 quo
1244 1216 1354 1282 iucun-

312 1315 383 1382 dius
403 1325 563 1403 saperent
598 1318 692 1400 coqui
723 1335 762 1380 ac
793 1317 901 1402 parari
932 1314 1096 1392 solebant,
1133 1319 1224 1386 sitam
1255 1317 1354 1399 fuisse

311 1416 501 1490 credendum
532 1420 598 1484 erit.
634 1419 731 1492 ‚Cum
761 1429 861 1484 autem
899 1436 938 1481 ex
970 1415 1191 1496 condimentis,
1224 1437 1354 1504 quorum

311 1541 386 1596 usus
417 1524 453 1588 in.
472 1522 574 1589 media
598 1530 702 1584 aetate
726 1523 849 1592 omuino
883 1529 953 1592 erat
978 1518 1279 1588 immoderatissimus
1295 1521 1354 1602 41),

310 1625 478 1709 praecipue
514 1621 701 1690 adhibeatur
732 1623 798 1700 sal,
837 1624 925 1690 cuius
955 1641 1026 1688 ¹uon
1054 1641 1154 1708 parra
1189 1625 1281 1710 copia
1312 1622 1355 1702 ad

308 1727 428 1810 piscem
456 1725 643 1810 ,precandum
671 1722 828 1809 hodieque
864 1743 942 1808 opus
973 1731 1035 1799 est,
1066 1725 1263 1806 manifestum
1297 1735 1354 1802 est,

309 1825 419 1894 oculos
442 1846 505 1895 nou
527 1829 614 1913 pisce
638 1830 780 1908 integro,
803 1825 861 1896 sed
882 1825 985 1911 potins
1006 1825 1074 1890 eius
1097 1825 1222 1891 salsura
1245 1827 1355 1901 laesos

309 1945 395 2004 esse,
430 1932 457 1994 si
481 1931 532 2013 qui
558 1927 628 1994 saie
650 1930 727 1998 tacti
751 1947 790 1994 ac
813 1927 909 1993 morsi
932 1924 1156 2006 admonentur,
1187 1947 1269 2013 quae
1292 1929 1357 1992 ad«

308 2031 389 2102 ustio
410 2027 493 2104 baud
517 2029 611 2095 dubie
632 2031 725 2097 etiam
748 2029 860 2111 augeri
884 2037 1007 2108 poterat
1029 2047 1086 2105 eo,
1112 2027 1196 2115 quod
1226 2028 1353 2094 salsura

307 2152 346 2208 eu
373 2130 514 2217 piscibus
542 2131 700 2216 glutinosa
729 2130 817 2196 facta
845 2129 931 2213 salis,
956 2129 1169 2196 acerbitatem·
1192 2131 1224 2196 in
1252 2130 1354 2196 oculis

308 2237 486 2309 continebat
507 2234 611 2316 magis
636 2230 995 2318 diutiusqueservabat.
1048 2293 1051 2298 .

315 2399 317 2406 .
407 2335 454 2400 Ex
474 2335 524 2400 his
554 2333 697 2400 omnibus
718 2331 770 2404 vet
791 2343 902 2419 sponte
924 2335 1148 2420 perspicietur,
1162 2353 1228 2404 ‚cur
1247 2336 1350 2399 maio-

305 2435 394 2501 ribus
417 2439 548 2518 nostriS,
578 2437 632 2521 qui
655 2433 747 2500 nudis
767 2433 911 2500 manibus
940 2435 1030 2501 cibos
1053 2435 1276 2522 capessebant,
1297 2439 1348 2502 in-

305 2540 412 2624 primis
434 2549 506 2626 post
524 2539 630 2625 pisces
651 2556 722 2604 esos
736 2538 834 2614 visum
850 2539 889 2604 sit
904 2533 995 2615 utile,
1012 2548 1050 2604 ,ut
1069 2557 1177 2605 manus
1193 2537 1349 2605 lavarent.

724 2755 924 2767 ...ι--ὺ-ου-

324 3003 328 3010 .
404 2943 560 3010 Gadanus
581 2940 673 3008 leone
698 2944 729 3010 in
754 2953 832 3008 arce
851 2940 990 3008 mirabili
1013 2941 1174 3024 (Sebastei
1196 2945 1346 3025 merveii)

228 3049 230 3052 ’
302 3045 384 3112 victo
422 3041 671 3129 detruncatoquc
710 3045 930 3113 intermortuus
967 3056 1130 3132 postquam
1162 3047 1289 3128 eccidit,
1325 3067 1347 3112 a

303 3146 424 3214 (intubus
446 3147 624 3232 uirginibus
647 3165 685 3212 ex
705 3145 913 3214 inbecillitate
934 3150 1114 3229 suscitatur,
1146 3169 1208 3234 quo
1233 3151 1263 3214 in
1287 3169 1345 3240 nef

301 3253 387 3334 gotio
416 3249 516 3324 abere
545 3251 636 3331 uirgo
667 3267 780 3334 aquarn
803 3249 845 3314 ab
875 3247 976 3317 altera
999 3249 1138 3320 adlatam
1158 3253 1190 3316 iu
1214 3251 1346 3316 Gaurani

302 3371 337 3424 os
360 3349 527 3418 infundere
554 3343 665 3416 studet.
719 3349 793 3416 Cum
826 3363 926 3418 autem
954 3353 1037 3418 banc
1066 3357 1099 3418 iu
1123 3373 1187 3420 rem
1212 3354 1344 3420 Gaurani

301 3455 429 3542 ordines
451 3453 585 3520 dentium
610 3451 773 3538 aperiendi
796 3465 917 3534 esseut,
946 3451 1084 3542 utaque
1107 3459 1139 3520 in
1161 3456 1267 3542 gulam
1287 3453 1344 3519 de-

299 3557 364 3624 labi
390 3568 511 3644 posset,
536 3555 620 3644 apud
643 3553 844 3625 Woliramum
864 3576 932 3644 cap.
954 3557 1036 3634 576,
1057 3578 1086 3623 n.
1110 3560 1150 3624 13
1171 3556 1344 3645 sqq..baec

299 3660 455 3740 leguntur.

302 3812 505 3828 -ιιι-ιὶ-ι-ιι-ι-

298 3913 346 3981 41)
365 3913 405 3966 (ii.
425 3909 643 3976 Wienermgettt
670 3911 742 3962 dicta
768 3911 795 3962 in
817 3907 912 3978 Haupt.
938 3909 1040 3979 cpbertr.
1060 3917 1122 3967 torn.
1142 3916 1175 3976 6,
1207 3923 1269 3980 pag·
1290 3915 1344 3968 268

368 4013 390 4050 r.
412 3996 445 4048 ab
464 3996 555 4048 inbuto
570 4002 595 4050 5.
901 4028 905 4039 -
