2942 4690
319 330 364 400 ll

302 456 422 586 ¹magis
465 508 630 590 magisque
667 503 767 584 tanen
802 515 971 591 praeterea
1006 508 1093 576 alind
1129 512 1362 580 instrumentum

318 607 433 674 nullum
471 618 532 673 tam
562 617 633 693 apte
669 625 761 692 quam
791 605 921 691 digitum
967 608 1010 676 ud
1050 612 1137 680 illam
1172 635 1239 682 rem
1267 625 1359 683 ceute

318 708 494 793 gerendam
515 710 675 776 moderari
699 711 828 798 poteris.

421 829 588 912 Postquam
618 833 718 892 eutem
749 824 883 890 vidimus
921 827 1156 895 convenientius
1193 831 1288 897 multo
1320 849 1360 896 ac

315 925 487 1012 simplicius
517 947 606 1001 esse,
638 931 665 992 si
697 927 926 1004 existimemus,
961 929 1116 1014 virginem
1146 951 1209 999 non
1242 933 1358 999 annulo

316 1027 446 1097 Gauani
473 1050 509 1095 os
538 1031 781 1117 patefacientem
811 1030 886 1114 fingi
916 1030 973 1096 sed
996 1033 1145 1118 digitulo,
1171 1055 1233 1123 qua
1255 1034 1358 1122 expli-

315 1133 440 1198 catione
475 1152 586 1198 vensus
615 1133 712 1218 quinti
744 1131 856 1198 docimi
883 1145 1010 1209 sensus,
1047 1139 1079 1201 ni
1106 1137 1217 1216 sallon,
1254 1140 1358 1222 magis

315 1243 545 1320 exaggeratur,
568 1245 678 1300 contra
701 1246 804 1300 tomen
829 1234 937 1299 dicere
953 1237 1106 1322 quispiam
1120 1245 1236 1326 possit,
1258 1258 1355 1306 voca-

312 1337 418 1405 bulum
446 1332 602 1422 cioporlio
630 1345 800 1423 propterea
821 1325 906 1421 quod
939 1341 1094 1405 annulum
1113 1351 1231 1408 tandum
1254 1344 1355 1427 signi-

311 1435 408 1507 llcane
433 1435 534 1506 soleat
565 1442 659 1504 etiam
689 1438 750 1504 hoc
782 1438 853 1505 loco
884 1437 916 1502 id
936 1440 1118 1522 significate
1143 1445 1269 1512 debere.
1312 1445 1358 1508 At

310 1562 387 1609 voro
420 1543 509 1608 locus
540 1549 640 1619 extat,
673 1529 732 1606 ubi
757 1540 834 1606 illud
862 1541 1050 1610 vocabulum
1072 1546 1256 1633 planissime
1276 1549 1355 1630 dipi-

311 1659 377 1711 tom
404 1641 549 1720 denotet,
579 1644 630 1730 qui
660 1647 750 1710 locus
782 1645 940 1710 invenitur
969 1647 1001 1710 iu
1030 1644 1208 1716 lleinzelini
1240 1657 1354 1737 poetae

310 1747 563 1813 Constantiensis
582 1755 742 1834 poemate,
766 1739 848 1832 quod
869 1745 981 1812 dieitur
1002 1751 1057 1814 der
1071 1761 1139 1834 pott
1153 1752 1256 1816 Amor
1275 1752 1353 1815 odor

309 1852 366 1914 dot·
386 1851 496 1917 Minoo
527 1851 609 1914 dolero
637 1847 796 1931 (ausgahe
826 1863 888 1913 von
909 1845 1010 1914 Franz
1032 1847 1171 1919 Pleiffer.
1215 1849 1353 1939 Leipzig

309 1951 424 2030 1852),
446 1951 499 2016 ubi
520 1967 540 2015 a
561 1970 656 2016 versu
677 1951 742 2014 669
763 1948 884 2014 haecce
908 1947 1066 2033 leguntur.

471 2097 474 2102 ·
554 2083 584 2172 it·
604 2079 724 2146 briistel
745 2078 833 2146 klein
857 2078 940 2146 unde
962 2082 1023 2159 vlu,

434 2183 510 2250 666.
555 2183 584 2248 ir
606 2202 692 2248 acme
715 2181 828 2260 blanc,
857 2184 886 2248 in
908 2179 1068 2267 vingenlin

360 2273 363 2280 ’
557 2285 638 2352 sleht
660 2283 817 2380 lano-und
839 2282 978 2350 sineuel.

557 2385 606 2452 als
628 2387 696 2452 eins
719 2385 909 2452 harmelinos
932 2383 982 2452 vel

554 2491 640 2556 malon
664 2489 692 2553 ir
715 2485 817 2552 honde
840 2488 917 2554 wize

553 2589 738 2678 geschalien
759 2587 819 2656 mol
840 2587 924 2655 ndch
946 2587 1026 2654 dizo.

432 2695 506 2761 665.
550 2693 591 2758 dd
611 2711 677 2759 was
701 2689 727 2756 si
748 2691 840 2755 umbe
862 2692 891 2755 ir
911 2690 1014 2773 glintel
1037 2688 1116 2757 smal

553 2791 616 2860 und
639 2791 840 2859 vollekomcn
861 2792 941 2858 tiber
963 2790 1004 2857 ol.

400 2927 470 2996 Non
498 2926 598 2993 solnm
626 2946 667 2992 ex
696 2923 855 3010 epithetis,
890 2943 972 3010 quae
1010 2943 1105 2991 versu
1133 2924 1197 2988 661
1235 2924 1343 2992 addite

299 3041 384 3109 sunt,
420 3027 576 3098 vocabulo
611 3026 767 3112 odoporlio
797 3035 979 3114 potestatem
1009 3029 1097 3110 diptti
1124 3028 1230 3093 inesse
1261 3031 1341 3094 satis
1468 3043 1470 3084 ι

300 3133 419 3214 elucet,
451 3131 508 3198 sed
541 3131 634 3196 etiam
664 3123 706 3194 ex'
730 3129 875 3195 versibus
899 3148 967 3195 cum
992 3127 1254 3196 antecedentibus
1278 3141 1339 3195 tum
1469 3205 1470 3208 Ἴ

218 3222 222 3230 ‘
298 3232 577 3319 subsequentibus,
612 3234 663 3318 qui
701 3251 800 3319 usque
836 3231 878 3298 ad
915 3248 1041 3296 versum
1069 3229 1135 3296 666
1168 3251 1276 3298 omnes
1305 3235 1339 3298 in
1468 3229 1470 3332 ζ

297 3335 432 3402 Veneris
454 3335 591 3418 (Minoe)
621 3351 754 3419 oonpom
779 3329 988 3399 describendo
1017 3345 1191 3400 versantur.
1235 3333 1339 3400 Versu

296 3441 416 3522 demunt
452 3435 519 3500 667
553 3434 722 3522 descriptio
767 3437 895 3520 insuper
939 3434 1050 3520 incipit
1079 3455 1186 3503 earum
1221 3456 1335 3512 rernm,

296 3537 408 3624 quibus
428 3540 530 3604 Venus
553 3556 625 3602 sese
648 3535 824 3611 ornaverit,
853 3537 935 3601 inter
959 3555 1041 3621 qnae
1065 3545 1251 3605 ornamenta
1270 3539 1336 3624 pni-

294 3656 373 3707 num
393 3634 527 3707 anulus
550 3640 704 3726 pretiosus
727 3635 925 3734 memoratur,

428 3769 503 3837 667.
547 3769 587 3834 dd
610 3768 693 3833 luort
712 3767 738 3832 sl
763 3785 804 3832 an
825 3766 854 3830 in·
872 3763 975 3834 honde

542 3867 661 3936 sunder
682 3866 887 3934 missenendo

545 3973 597 4036 ein
621 3975 669 4036 not
690 3967 800 4054 guldin
823 3968 991 4054 vingenlin.
1084 4050 1091 4063 ι
