2942 4690
326 361 369 427 2⁰

327 529 451 617 proelio
484 527 542 594 sub
572 527 649 593 urbe
679 525 806 594 munita
827 525 1042 610 (bedroscbe)
1067 529 1226 595 commisso
1252 529 1374 596 lortiter

327 631 528 707 interluisstse
550 630 652 695 altero
677 649 718 695 en
745 649 854 715 pugna
884 630 1040 712 singulari
1063 634 1163 698 victor
1185 631 1374 698 discessisse
1461 571 1463 728 l

329 745 486 802 narratur.
514 731 657 811 Quibus
679 734 793 818 pugnis
824 729 948 797 duabus
976 733 1128 800 coniectis
1150 734 1190 798 ab
1217 735 1274 811 iis,
1296 753 1376 819 quos

257 877 260 884 ·
327 839 465 909 vicerat,
494 834 664 920 postulavit
692 845 723 902 ut
742 836 774 897 in
800 835 897 919 ipsius
918 835 1111 901 commodum
1133 835 1260 920 gradali
1277 856 1373 922 quar

331 935 432 1004 rende
455 955 583 1022 operam
607 936 727 1000 darent.
768 935 808 999 cf.
832 954 902 1022 sep.
927 939 1010 1016 888,
1032 957 1060 1004 v.
1083 939 1136 1002 29.
1174 937 1258 1016 424,
1280 959 1310 1004 v.
1331 939 1375 1002 22
1462 989 1463 1024 ,

330 1050 361 1105 ct
385 1041 438 1104 23.
485 1039 531 1104 lle
554 1055 633 1107 vers
656 1039 752 1121 igitur
775 1040 915 1102 narratio
947 1059 1003 1126 per
1031 1048 1077 1105 tot
1105 1059 1217 1106 versus
1240 1039 1375 1105 deducis
1461 1037 1463 1132 l

329 1145 361 1208 in
385 1141 516 1208 Gaurani
540 1143 608 1206 vita
627 1157 666 1204 ao
685 1139 762 1204 latis
783 1150 929 1206 versatur
949 1151 1025 1208 tota.

430 1241 481 1307 mi
508 1239 701 1321 l'arzivalis‚
740 1261 831 1326 quem
864 1243 1014 1326 quamdiu
1040 1243 1144 1329 inpius
1173 1251 1222 1308 est
1251 1263 1269 1307 e
1294 1261 1373 1307 con-

329 1356 438 1432 spectu
476 1347 567 1430 quasi
603 1345 788 1422 amittimus,
824 1342 950 1410 laudem
986 1344 1162 1410 canendam
1198 1363 1260 1409 non
1287 1345 1375 1429 prius

329 1458 424 1534 poeta
450 1445 636 1523 revertitur,
658 1465 748 1529 quam
771 1446 857 1512 illum
881 1467 944 1514 nou
966 1447 1099 1533 amplios
1120 1449 1197 1523 iam,
1218 1449 1377 1532 quiricum

328 1553 454 1616 nominc
475 1549 582 1614 divino
605 1547 884 1627 reconciliaretur,
907 1561 1151 1637 repugnaturum
1175 1569 1245 1614 esse
1267 1551 1377 1613 existi-

328 1652 431 1716 marit.
475 1649 566 1716 Nono
591 1651 715 1733 quidem
732 1654 763 1715 in
778 1651 860 1717 libro
885 1636 1030 1717 Parzival
1052 1655 1085 1716 in
1103 1669 1252 1716 scaenam
1270 1649 1375 1714 denuo

327 1752 449 1839 prodit,
472 1771 540 1818 cum
566 1751 605 1816 ad
626 1749 863 1817 Trevrizentem
888 1752 1017 1816 mittitur
1040 1750 1178 1816 nobilem
1205 1755 1376 1828 eremitam,

330 1853 496 1942 quiddam
527 1857 609 1922 eins.
625 1872 664 1920 ec
693 1856 826 1938 gretiam
860 1873 940 1936 erga
965 1853 1056 1919 deum
1079 1851 1195 1917 tamdiu
1220 1853 1376 1919 abiectam

329 1959 441 2026 iterum
463 1967 595 2023 revocat
618 1968 649 2020 et
670 1956 779 2020 irmet.
811 1955 917 2033 *Quod
941 1957 1017 2020 licet
1039 1974 1103 2020 non
1121 1955 1187 2020 *boc
1210 1955 1281 2021 loco
1300 1975 1374 2041 per-

328 2059 448 2144 spicuis
468 2055 577 2121 verbis
601 2059 846 2141 exprimatur,·e
869 2043 1119 2142 loco'poersatis
1142 2067 1245 2122 tamen
1267 2067 1375 2144 poste-

330 2163 415 2226 riore
439 2157 643 2240 intellegitur.
679 2157 720 2222 el.
743 2177 812 2242 cap.
834 2155 915 2236 741,
935 2179 964 2225 v.
985 2159 1030 2222 26
1053 2179 1120 2245 sqq.

409 2261 468 2326 der
489 2260 630 2345 getouit'e
652 2262 688 2344 (i.
712 2279 738 2324 e.
760 2257 925 2342 Parsirai)
949 2260 1009 2328 nol
1033 2263 1184 2348 getrrinet
1205 2268 1287 2343 gete,

407 2366 447 2430 sit
469 2383 504 2428 er
525 2383 587 2429 von
611 2357 829 2428 Trcvrizende
851 2362 960 2438 schint,

407 2463 471 2528 der
491 2467 531 2528 inr
554 2469 591 2530 sd
611 2463 835 2530 berzenlicben
859 2469 929 2548 riet,
1032 2481 1035 2486 ’

363 2605 368 2610 -
409 2587 446 2632 er
467 2567 548 2632 solte
570 2566 655 2634 belle
678 2559 724 2634 an'
745 2567 805 2633 den
829 2589 917 2651 geru,

409 2667 466 2734 der
487 2671 519 2734 in
542 2689 639 2754 sorge
664 2671 778 2736 irende
801 2670 907 2737 kunde
930 2689 1025 2736 mern.

429 2769 619 2838 Woliramus
642 2775 747 2857 igitur,
769 2793 837 2839 cnm
861 2791 943 2858 quae
967 2789 1026 2858 per
1049 2767 1154 2854 inpiae
1176 2765 1261 2832 ritae
1276 2767 1375 2832 inter-

328 2871 511 2958 capedinem
536 2877 640 2959 egerit
659 2875 806 2942 Parzival
829 2873 1013 2940 describere
1035 2872 1202 2948 omitteret,
1233 2868 1266 2932 id
1290 2868 1376 2954 quod

329 2972 474 3041 consulto
501 2975 625 3042 videtur
655 2978 794 3052 iecisse,
836 2975 966 3040 Gaurani
1003 2974 1106 3058 potius
1140 2969 1266 3036 laudem
1293 2969 1378 3036 libro

274 3121 276 3125 -
327 3077 458 3162 septimo
481 3086 575 3166 atque
599 3089 712 3147 octavo
736 3073 888 3144 extollere
912 3077 1052 3140 instituit.
1098 3073 1162 3138 Sed
1186 3091 1376 3158 quamquam

325 3189 419 3264 poeta
448 3183 641 3247 narrationis
670 3181 762 3244 totius
784 3177 918 3244 decursu
939 3179 1008 3264 ipso
1033 3177 1111 3241 satis
1134 3174 1265 3262 probat,
1294 3174 1375 3240 Per-

326 3282 439 3347 zivolis
460 3285 595 3348 animum
617 3281 827 3368 perturbatum
849 3279 959 3346 melius
980 3278 1118 3345 describi
1142 3278 1374 3362 compromissa,

326 3403 419 3467 quam
442 3387 469 3449 si
493 3384 544 3449 liic
566 3385 688 3446 animus
707 3381 933 3468 perturbationi
955 3400 1032 3446 sirac
1051 3392 1132 3446 totus
1151 3379 1277 3444 deditus
1292 3397 1374 3464 pan-

324 3484 423 3571 lisper
446 3485 679 3568 relinqueretur
708 3482 760 3550 vel
787 3493 1072 3550 commemoraretur
1099 3491 1215 3548 tentum
1246 3482 1373 3567 pancis-

326 3589 429 3662 simis‚
454 3585 617 3652 divinasse
640 3596 741 3652 tamen
764 3587 889 3653 videtur
905 3585 978 3651 ¹lore
1003 3594 1034 3652 ut
1056 3583 1210 3670 poematis
1225 3580 1373 3661 lectores,

326 3685 480 3773 aequales
519 3691 723 3774 praesertim,
763 3710 802 3755 cx
835 3689 948 3774 quibus
979 3685 1128 3774 plurimos
1160 3686 1222 3752 boc
1257 3703 1374 3771 poema

326 3788 486 3854 audivisse
513 3799 647 3869 tantum,
683 3793 792 3877 legere
829 3809 906 3856 non·
923 3790 1064 3877 potuisse
1092 3791 1224 3866 scimus,
1262 3789 1374 3873 iniquo

327 3890 430 3955 animo
459 3891 595 3970 ferrens,
633 3896 658 3959 si
688 3893 728 3960 ab
760 3892 816 3960 illo
844 3891 931 3972 loco,
969 3911 989 3958 a
1019 3910 1096 3978 qno,
1127 3902 1188 3958 tam
1218 3889 1374 3974 gravibus

324 3995 509 4078 praesertim
538 4006 654 4083 poetae
683 3995 792 4062 verbis
822 3993 1019 4082 praemissis,
1049 3996 1264 4079 insequentem
1290 4009 1374 4076 qno·
