2942 4690
325 326 369 396 82

324 515 414 575 esse,
445 513 528 582 quae
558 495 604 562 iiii
626 515 688 562 nen
711 495 802 573 insit,
836 497 1032 566 manifestum
1058 510 1114 567 est.
1158 499 1363 568 Filiae-enirn

323 611 478 686 respersu
496 597 662 664 eonsilium
678 618 742 664 nou
761 599 942 685 exprimitur
963 598 1027 666 1661
1041 601 1178 686 petendi,
1203 605 1256 690 qui
1277 603 1360 670 inire
1452 643 1453 646 =

324 719 393 766 eum
415 701 517 766 16666
539 701 695 780 situsvsir,
717 701 771 768 uhi
794 720 820 766 a
835 710 925 786 petre
949 704 1121 782 invenitur,
1148 702 1206 770 sed
1236 708 1295 774 iter
1325 725 1363 772 ex

322 814 412 888 parte
428 802 542 868 iactum
559 805 621 868 ianr
636 822 709 870 esse
726 803 940 888 significetur,
964 822 1003 868 66
1020 803 1060 870 de
1080 807 1246 892 superiore
1262 809 1362 893 ipsern

322 903 533 970 descendisse
560 904 632 972 1666
663 903 827 992 lusumque
855 906 990 972 noudum
1019 906 1162 993 perfectu
1191 910 1273 974 omni
1300 909 1361 986 via,
1452 979 1453 984 ,

321 1025 388 1072 eun
416 1019 505 1094 peter
534 1006 715 1082 advenerit,
748 1026 858 1092 agere.
902 1005 1013 1094 itaque
1041 1007 1109 1074 filia
1136 1029 1200 1076 non
1231 1013 1263 1076 16
1287 1030 1361 1078 arce

320 1117 471 1197 paterna,
499 1107 561 1174 sed·
586 1105 749 1175 Scherulis
780 1108 969 1195 burggravii
996 1111 1029 1176 in
1060 1109 1176 1197 oppido
1197 1113 1265 1178 arei
1286 1111 1361 1178 sub-

320 1213 444 1278 iacente
474 1209 647 1276 habitantis
683 1231 783 1298 prope
820 1211 958 1290 domum,
1000 1231 1092 1298 quarn
1130 1215 1201 1300 ipsa
1234 1213 1362 1301 petebat

319 1317 361 1397 (c.
382 1312 465 1394 368,
487 1332 516 1379 v.
540 1314 606 1394 17),
629 1316 795 1399 reperitur.
843 1313 903 1379 (tui
928 1311 1131 1402 explicationi
1153 1319 1229 1381 noni
1250 1329 1360 1383 versus
1452 1365 1453 1374 ,

319 1434 432 1482 seusus
459 1415 583 1480 minime
612 1425 778 1502 repugnat.
822 1415 1004 1503 Lyppautus
1027 1416 1126 1493 enim,
1159 1416 1360 1484 6166111611-

319 1535 425 1583 remus
447 1527 651 1593 narraverat,
674 1515 744 1582 dum
756 1516 921 1584 Seirerulis
938 1520 1034 1584 intrat
1053 1516 1241 1595 domurn,·iu
1268 1537 1360 1603 quam

319 1619 476 1688 Gauunus
503 1619 546 1684 ad
573 1622 666 1685 imum
699 1623 784 1686 arcis
819 1639 936 1686 murum
971 1621 1175 1704 requiescens
1212 1620 1361 1686 invitatus
1452 1661 1453 1668 1

319 1731 388 1796 eret
408 1726 449 1803 (e.
473 1721 555 1800 361,
583 1742 611 1788 v.
633 1722 764 1787 2-19,
806 1721 890 1798 363,
906 1708 943 1787 u.
966 1722 1040 1803 30),
1074 1721 1245 1788 Garanum
1268 1741 1360 1808 repe·
1452 1753 1453 1794 3

318 1833 404 1890 rerat
426 1827 466 1907 (6.
490 1823 572 1902 3611,
598 1845 626 1893 u.
645 1823 720 1908 25),
758 1841 847 1908 quem
876 1821 1025 1909 precibus
1053 1831 1086 1888 ut
1112 1840 1218 1888 seeum
1248 1833 1359 1889 contra

316 1923 423 2016 hostes
451 1928 658 2009 coniungeret
689 1924 867 2009 instigabat
886 1925 927 2004 (6.
949 1925 1024 2002 366,
1047 1944 1075 1991 v.
1093 1927 1114 1988 7
1129 1927 1231 2010 squ),
1255 1925 1357 1990 denec
1451 1921 1453 1960 ²

317 2027 358 2094 de
380 2027 441 2092 hae
464 2047 500 2092 re
524 2025 767 2092 deliberaturum
789 2045 824 2090 se
849 2044 920 2090 esse
943 2023 997 2090 ilie
1019 2024 1212 2112 promitteret
1227 2032 1267 2102 (6.
1283 2026 1358 2104 368,

315 2151 345 2196 v.
367 2129 504 2211 6-8);
528 2125 612 2213 quod
635 2145 705 2192 cunr
730 2128 933 2212 inpetrasset,
955 2124 1139 2214 L-yppautus
1164 2146 1185 2192 a
1208 2127 1356 2205 Gaurano,

315 2233 398 2297 sieut
421 2249 518 2298 versu
545 2249 629 2296 neno
658 2228 786 2306 dicitnr,
816 2230 931 2312 gratiis
960 2231 1041 2294 actis
1072 2231 1176 2295 statim
1199 2227 1359 2296 discessit.

315 2333 475 2419 Egressus
498 2342 600 2398 autem
626 2330 826 2398 eScireruiis
851 2329 945 2396 demo
967 2333 1030 2396 iam
1052 2331 1147 2397 filiam
1171 2327 1359 2396 666686116-

315 2435 393 2500 rulis
428 2434 528 2500 111616
569 2432 697 2500 annulis
714 2431 756 2514 ²⁹)
786 2433 943 2500 ludentem
977 2434 1022 2498 ibi
1054 2433 1086 2498 16
1118 2433 1193 2499 6616
1231 2434 1359 2518 reperit.

315 2535 417 2603 Voces
446 2537 544 2622 igitur
572 2555 643 2602 ame
664 2538 741 2601 hove
764 2555 828 2601 666
860 2534 959 2622 (quud
982 2534 1177 2601 Simreeirius
1198 2535 1360 2621 putavisse

312 2637 454 2716 uidetur,
495 2657 564 2704 eurr
594 2637 667 2704 illes
697 2636 846 2705 redderet
874 2658 932 2724 per
959 2643 1001 2703 66
1031 2639 1102 2720 tes)
1133 2635 1175 2702 ad
1201 2635 1360 2722 Lyppeuti

314 2739 436 2818 auiam,
460 2759 542 2825 quae
559 2746 634 2804 erat
657 2740 689 2804 in
714 2757 805 2817 arce,
824 2739 883 2804 sed
905 2736 947 2804 ad
971 2739 1092 2804 domum
1110 2735 1275 2802 Scherulis
1298 2757 1360 2822 pe·

309 2843 374 2908 tius
394 2842 426 2906 in
449 2840 565 2928 oppido
588 2843 655 2906 arei
678 2841 863 2907 subiacente
887 2842 979 2906 sitam
1001 2839 1191 2906 referendae
1217 2847 1289 2904 sunt
1304 2835 1358 2919 ³⁰).

313 2941 403 3022 Quae
426 2945 471 3007 ite
493 2960 563 3006 esse
585 2943 855 3020 si'eoncesseris,
877 2944 910 3006 in
935 2941 1000 3006 iiiis
1022 2941 1176 3018 versibus,
1198 2940 1232 3006 ni
1248 2937 1355 3018 failor,

312 3042 389 3109 nihii
411 3041 565 3128 reliquum
588 3044 662 3121 erit,
692 3061 754 3128 que
775 3044 879 3128 possis
903 3041 1029 3110 6116661.

308 3231 511 3244 -ι--ιυ-

310 3358 361 3428 29)
381 3361 421 3416 Gi.
443 3359 616 3420 Seirnreiieri:
635 3360 728 3432 hayer.
748 3363 875 3418 werterb.
893 3371 926 3428 3,
946 3365 1007 3420 490.

309 3457 443 3530 30111661
463 3461 632 3529 praeposltlo
651 3477 686 3512 66
703 3460 884 3515 convertenda
901 3475 951 3530 per
970 3463 1032 3528 auf,
1050 3459 1078 3514 id
1095 3460 1166 3530 qnod
1185 3459 1255 3513 hand
1274 3459 1357 3513 dubie

378 3543 675 3611 sedissetSinroeiins,
695 3547 720 3599 si
739 3544 898 3600 reeordatus
917 3543 1208 3614 eesetNibelungiadis
1226 3546 1356 3608 616684,

377 3646 403 3685 v.
422 3637 450 3686 2.
478 3633 560 3697 1740,
585 3637 646 3701 r,3
671 3629 756 3686 rerba
778 3645 814 3682 66
838 3629 897 3680 dem
922 3628 1067 3680 66666166
1094 3627 1207 3700 abipso
1234 3644 1282 3698 per
1305 3631 1362 3695 nef

380 3723 427 3768 661.
447 3729 579 3772 conversa
597 3730 665 3772 6666.

728 3943 926 3956 m
