2942 4690
1124 359 1144 422 5

98 537 174 593 nent
196 529 288 592 ctiam
315 527 428 614 quibas
453 525 724 592 est-circumfusus
750 527 918 604 tenebrae3
940 537 992 593 ant
1013 538 1043 592 et
1063 531 1141 593 Pur-

97 631 211 696 zivaiis
232 630 320 695 locos
346 651 412 707 eos,
435 631 486 717 qui
508 649 571 696 uon
595 627 747 712 leguntur
764 631 848 716 apud
870 629 1088 706 Christianum,
1113 641 1143 698 et

97 731 220 798 Kiotum
245 741 281 796 et
312 732 396 817 quod
426 732 540 796 secisse
570 732 698 797 dicitur
716 750 830 818 poema
860 751 881 796 a
909 731 1022 798 Nostro
1048 733 1141 820 piane

95 834 169 899 sucta
186 851 256 897 esse
274 832 483 910 indicaveris,
504 845 595 919 atque
610 836 654 899 ita
670 832 873 899 Woliramom
889 833 1025 900 habebis
1041 843 1140 900 astute

97 935 295 1014 mendacem,
328 956 389 1022 quo
415 938 518 1021 posito
541 935 623 1000 baud
648 935 743 1000 dubie
770 937 893 1001 muitum
914 936 1005 1002 abest
1027 946 1059 1001 nt
1082 935 1142 1000 bac

95 1040 128 1104 iu
160 1040 345 1123 quaestione
378 1038 521 1122 inpedita
552 1035 752 1121 expedienda
781 1041 947 1123 quicquam
983 1037 1140 1123 proficias.

95 1141 304 1225 Utracnmque
327 1140 424 1223 igitur
440 1140 602 1204 'sententia
621 1137 679 1202 tibi
703 1139 862 1214 arriserit,
884 1149 1044 1224 utramque
1061 1159 1140 1204 cou-
1248 1189 1256 1196 .

96 1243 192 1308 cedes
214 1241 366 1308 laborare
391 1241 598 1316 obscuritate,
623 1259 705 1325 quae
729 1239 964 1325 quaestionibus
988 1240 1140 1307 de-Kioto

94 1345 155 1410 hoc
175 1355 314 1430 tempore
336 1341 484 1409 institutis
505 1343 720 1408 circumscribi
745 1353 861 1407 tantum
882 1343 1019 1408 sortasse
1043 1362 1139 1408 accu-

94 1450 210 1524 ratius,
248 1445 318 1512 tolli
355 1457 456 1512 autern
488 1465 528 1510 oe
557 1463 596 1509 ex
625 1453 715 1531 parte
748 1445 871 1529 quidem
903 1455 956 1508 aut
985 1446 1141 1510 removeri

94 1559 206 1636 potest.
750 1539 753 1543 ’

6 1647 7 1650 ’
200 1647 317 1712 Mirum
347 1645 445 1728 igitur
478 1643 603 1712 videtur
628 1645 701 1711 mihi
731 1643 813 1730 quod
843 1644 969 1730 quidam
998 1645 1140 1733 proiecto

94 1753 173 1819 nibil
197 1751 354 1834 antiquius
378 1745 556 1813 babendum
576 1767 648 1814 csse
667 1749 782 1812 drrcunt
805 1767 897 1833 quam
919 1758 951 1812 ot
967 1746 1027 1813 hoc
1043 1765 1140 1832 quae·

94 1866 183 1932 rant,
214 1865 313 1918 utrum
346 1847 490 1910 Gallicos
523 1859 634 1933 poetas
658 1849 848 1914 Woliramos
869 1869 979 1934 presse
1002 1851 1140 1914 imitatus

94 1960 149 2033 sit,
180 1975 221 2020 an
244 1954 291 2017 sui
319 1953 418 2038 ipsius
440 1951 560 2032 ingenii
590 1948 674 2014 fonte
696 1951 829 2014 maxima
852 1969 890 2015 ex
912 1961 1002 2036 parte
1026 1951 1136 2016 condi-

96 2057 176 2122 derit
208 2053 426 2126 Parzivalem‚
465 2051 610 2136 quodque
651 2050 825 2117 huiusmodi
860 2057 1052 2119 coniecturis
1087 2054 1139 2134 (de

95 2161 209 2246 quibus
233 2157 377 2228 diximus)
394 2156 437 2217 in
462 2153 598 2217 obscura
623 2174 785 2238 quaeque,
816 2173 897 2240 qnae
922 2154 1053 2222 dissolvi
1076 2175 1138 2221 nou

95 2271 242 2348 possunt,
284 2253 481 2321 descendere
517 2253 633 2318 malunt
671 2273 762 2338 quam
805 2253 969 2321 Woisrami
1004 2261 1139 2343 poemati

95 2364 228 2447 egregio
262 2361 321 2446 ipsi
357 2359 477 2444 penitus
507 2355 737 2440 intellegendo,
772 2365 802 2421 ut
831 2376 890 2442 par
916 2369 980 2436 est,
1009 2369 1138 2445 operam

94 2483 226 2528 navare.
278 2459 365 2524 Unde
391 2458 558 2525 dolendum
589 2471 634 2524 est
665 2458 747 2543 quod
776 2470 861 2524 tanta
889 2461 929 2524 sit
961 2462 1138 2527 etiamnunc

95 2562 136 2628 ad
156 2573 240 2628 rente
262 2562 493 2646 percipiendum
516 2561 598 2625 bunc
620 2572 740 2646 poetam
764 2560 974 2628 subsidiorum
993 2567 1137 2650 penuria.

199 2649 361 2728 ib'oitiami
385 2665 520 2727 enimin
545 2679 643 2748 opera
665 2661 803 2739 scholia,
827 2663 934 2749 qualia
957 2664 1137 2732 Lachman-

93 2786 151 2830 mus
170 2769 203 2830 io
220 2769 380 2850 prooemio
397 2767 525 2831 editioni
548 2783 626 2830 suae
642 2764 781 2848 praefixo
800 2764 959 2832 desiderat
975 2778 1005 2831 et
1020 2787 1136 2850 magno

93 2868 161 2932 osui
194 2867 263 2930 sore
297 2871 466 2938 existimat,
495 2864 653 2948 hodieque
680 2864 918 2943 desiderantum
942 2865 1135 2933 Theotiscae

93 2967 186 3034 medii
210 2970 282 3034 aevi
305 2967 448 3051 linguae,
473 2985 564 3053 qoam
583 2964 698 3030 tanobo
717 2963 865 3032 Grimmio
880 2978 1007 3033 auctore
1021 2972 1135 3034 omittet-

92 3073 295 3134 itocbdoutscb
318 3069 464 3150 dicimus,
494 3068 619 3133 lexicon
643 3066 796 3132 beneckii
823 3089 927 3155 ‘opera
942 3071 1135 3147 incohatum,

93 3192 160 3237 cum
192 3173 232 3236 ab
262 3172 435 3238 editoribus
465 3174 621 3236 cruittatur
650 3168 844 3234 sectionibus
872 3189 911 3233 uc
936 3168 1071 3234 noudum
1095 3175 1135 3235 sit

92 3274 284 3354 coniectum,
316 3293 382 3338 eum
405 3289 502 3355 saepe
523 3271 642 3334 frustra
666 3269 919 3337 consulitur'tum
942 3268 1133 3336 consulenti·

93 3373 225 3440 bustric
255 3374 322 3439 iilic
350 3372 403 3439 dat
434 3371 534 3452 iaisa3
565 3369 767 3438 Ziemannum
796 3383 897 3440 autem
923 3393 1012 3440 nemo
1036 3371 1133 3438 facile

92 3497 157 3542 cum
187 3477 287 3542 fructu
318 3475 425 3560 aliquo
456 3473 546 3540 audire
574 3475 703 3561 poterit,
732 3478 790 3540 uisi
820 3477 872 3562 qui
900 3477 1009 3542 barum
1030 3493 1133 3540 rorum

91 3597 211 3661 gnaros
240 3583 300 3644 iam
332 3579 473 3643 extiterit.
526 3575 654 3663 Optime·
673 3579 772 3644 meriti
795 3599 872 3665 prae
899 3577 1013 3644 ceteris
1032 3578 1131 3641 omni-

92 3680 149 3744 bus
172 3681 211 3744 de
242 3681 405 3748 Parzivale
433 3679 670 3767 interpretando
705 3678 839 3746 Carolus
859 3681 1078 3746 Lachmarmns
1101 3687 1133 3743 et

91 3781 265 3847 Mauricius
285 3781 435 3868 Hauptius
459 3790 538 3848 suot.
583 3780 686 3860 Alter,
709 3782 882 3867 quodcum
905 3803 1005 3870 opera
1026 3781 1132 3848 Nostri

93 3886 205 3950 critica
233 3894 326 3970 atque
358 3886 482 3952 omnino
510 3886 680 3972 praeclara
707 3887 831 3951 ratione
862 3887 1018 3953 recensuit
1048 3903 1131 3970 quae

93 3996 198 4053 extant
220 3989 340 4058 omnia.
370 3995 483 4073 poetae
504 3986 622 4069 verbis,
652 3986 736 4073 quod
767 4007 913 4072 magnum
940 3995 1003 4069 ost,
1034 4005 1132 4052 accu-
