2942 4690
341 315 385 383 26

337 485 476 552 adsensu
498 495 626 574 prepter
648 487 680 552 iel
711 491 961 577 ipsum'dignnm
981 511 1053 559 esse
1076 495 1160 580 quud
1183 515 1263 563 vere
1281 497 1365 568 diest.

335 586 419 653 ldem
448 589 761 666 veranllremus,
785 597 939 680 'queniam
966 595 1036 660 leus
1067 597 1263 683 frequentior
1291 621 1365 687 quse

334 690 374 755 sit
396 689 574 776 plerumque
601 705 674 758 'num
698 695 832 759 veritate
859 715 1004 781 pugnare
1026 697 1143 776 soleat,
1165 711 1281 785 neget,
1303 704 1364 770 elur

332 801 446 876 poetae
469 795 613 858 oratione
634 803 729 860 totum
750 795 907 882 quoddam
930 798 1139 875 conticitum,
1164 804 1247 888 quud
1270 807 1363 870 emni-

1457 523 1459 596 l

1457 637 1459 688 ι

1456 717 1459 830 Ι

331 891 393 958 bus
418 904 449 960 ut
478 895 649 982 perfeetum
670 893 844 984 tectumque
867 910 983 965 sertum
1005 901 1167 988 probetur:
1193 907 1238 968 ite
1261 916 1292 970 ut
1311 906 1368 972 tuli.
1458 883 1459 920 ³

329 1006 448 1080 poetae,
469 999 520 1062 vix
542 997 695 1063 eredibile
718 1001 757 1065 sit
779 1000 871 1066 fidem
894 1001 1040 1068 denatum
1058 1005 1107 1070 iri.
1153 1003 1252 1083 Quam
1269 1007 1363 1094 expli·
1457 979 1459 1004 Ι

329 1096 482 1164 cutiunem
502 1100 647 1166 versibus
663 1099 785 1169 duobus
808 1103 1071 1190 subsequentibus
1091 1105 1269 1174 nunirmeri
1281 1112 1361 1175 veri-
1457 1121 1459 1154 ³

328 1198 430 1264 simile
452 1201 519 1266 erit
553 1201 591 1268 Hi
613 1213 717 1268 eutem
738 1223 857 1271 versus
876 1215 939 1272 tam
958 1206 1089 1271 diverse
1104 1205 1250 1275 videntur
1266 1212 1360 1298 expli·
1457 1259 1459 1306 t

328 1304 396 1365 euri
420 1321 532 1388 posse,
560 1315 592 1369 ut
616 1307 715 1391 prime
739 1306 861 1383 obtutu,
889 1325 929 1374 eu
952 1307 994 1373 erl
1017 1307 1255 1394 explicationem
1278 1313 1360 1378 illum

327 1403 569 1470 confirmandam
592 1410 656 1492 apti
683 1408 760 1484 sint,
789 1427 852 1472 nun
875 1417 963 1474 extra
987 1408 1212 1475 dubitationem
1233 1417 1362 1498 positum
1458 1427 1459 1462 ῑ

324 1507 375 1570 sit.
419 1503 574 1574 Navemus
606 1510 703 1593 igitur
733 1527 880 1594 eperum,
917 1520 948 1576 ut
975 1511 1166 1588 sententias,
1203 1533 1285 1598 quse
1314 1515 1361 1581 bis

324 1606 445 1673 duobus
472 1610 614 1676 versibus
644 1613 876 1688 contineantur,
898 1624 936 1678 et
964 1622 1050 1677 reste
1077 1611 1299 1698 intellegamus
1322 1627 1360 1696 et,

324 1719 423 1774 utrum
451 1713 536 1796 prius
566 1711 656 1776 dictis
684 1710 907 1795 adiungendae
935 1714 1145 1807 sintneene‚
1180 1717 1360 1800 perpenda-

321 1830 397 1876 mus.
442 1811 498 1878 Vv.
527 1824 598 1880 sunt
620 1813 661 1876 15
685 1821 715 1878 et
740 1814 789 1878 ld.
812 1831 878 1879 mer
904 1817 952 1880 sot
975 1819 1080 1881 sirenes
1101 1826 1184 1880 wort
1210 1816 1358 1893 bebntteu,

321 1931 351 1978 es
374 1917 502 1980 eumellu
528 1919 578 1980 die
606 1915 705 2000 misen
728 1901 867 1980 metten?
913 1915 1033 1993 Quibus
1059 1915 1120 1982 hue
1149 1915 1213 1982 diei
1237 1917 1361 1985 videtur

317 2017 477 2100 ‘quisnam
500 2012 731 2098 ingeniuse²¹l
752 2014 882 2092 dietum,
907 2015 992 2102 qnod
1014 2016 1144 2102 abipso
1169 2018 1359 2098 dictumest,

316 2118 468 2192 tuebitur,
499 2118 560 2182 nisi
581 2118 741 2201 sapientes
764 2116 950 2202 adstipulari
972 2121 1227 2206 patrocinariqne
1250 2121 1279 2186 ei
1300 2141 1358 2187 ve-

315 2219 411 2286 lintt'
454 2223 561 2285 Potest
588 2217 712 2303 quidem
742 2219 857 2286 nudum
885 2219 1015 2286 verbum
1039 2220 1124 2306 qued
1147 2231 1193 2287 est
1216 2223 1358 2288 bebutten

313 2321 429 2389 Latine
452 2322 546 2385 etiarn
567 2319 658 2385 reddi
682 2326 816 2388 retinere
835 2320 888 2388 vel
910 2341 1112 2396 conservare,
1144 2325 1267 2388 saluum
1288 2342 1356 2388 ser-

312 2441 390 2487 vare
412 2421 463 2488 vel
484 2424 641 2487 custodire
656 2421 714 2502 ²²);
734 2434 840 2508 'neque
863 2426 963 2489 statim
984 2422 1180 2489 manifestum
1196 2433 1253 2501 est,
1276 2423 1357 2490 illud

312 2527 472 2606 iuuentem
500 2525 616 2588 dietum
643 2533 741 2590 utrum
772 2524 1017 2610 intellegendum
1047 2529 1087 2591 sit
1114 2526 1155 2592 ab
1178 2544 1233 2600 en,
1262 2544 1358 2610 quem

311 2623 502 2691 Wnllremus
525 2629 708 2712 pronomine
730 2647 796 2693 wer
817 2628 1020 2711 significavit,
1050 2647 1092 2692 au
1119 2627 1160 2692 ab
1183 2626 1248 2691 alin
1271 2645 1354 2711 qun·

309 2727 392 2812 piam
414 2726 714 2808 dietum3ettnmen
744 2729 930 2795 confirmare
958 2737 1098 2793 nostram
1125 2729 1215 2813 primi
1237 2747 1354 2794 uersus

307 2826 405 2894 verim
445 2829 528 2915 quud
567 2841 614 2896 est
639 2835 720 2898 tueri
756 2831 995 2918 explicationem
1032 2828 1158 2896 videtur
1181 2831 1353 2908 sententia,

308 2931 544 3013 quaesecunde
565 2931 689 2998 illorum
710 2951 856 2998 versuum
875 2940 923 2997 est
937 2930 1089 2995 subiecta.
1135 2929 1243 2996 Verbo
1264 2932 1352 2996 enim

307 3031 390 3117 qued
414 3043 462 3097 est
489 3036 604 3099 wulten
633 3055 699 3102 uum
729 3034 831 3098 soleat
859 3032 990 3114 adiungi
1013 3029 1193 3134 genetivus,
1217 3053 1251 3100 es.
1270 3051 1351 3118 pro-

183 3201 185 3204 .
304 3155 416 3200 nomen
441 3151 479 3200 es
500 3134 556 3202 illu
577 3135 701 3223 pendet.
745 3135 789 3200 Es
809 3144 929 3212 autem,
952 3153 1020 3200 cum
1044 3135 1209 3218 genetivus
1231 3135 1347 3230 siugu-

303 3326 510 3338 ’.ι-ι.-

299 3449 347 3517 21)
368 3445 498 3501 Genetirn
522 3447 612 3497 strues
636 3442 819 3496 attributivttm
847 3445 899 3496 vim
925 3445 1015 3498 inesse
1041 3444 1210 3505 existimavi,
1232 3448 1345 3496 seuutns

367 3529 519 3584 Grimmium
546 3527 818 3598 granuattuneuel.
840 3529 872 3592 t,
906 3543 932 3595 p.
958 3535 1012 3584 720
1030 3526 1063 3580 de
1083 3525 1183 3580 talibus
1203 3529 1343 3596 genetiuis

365 3616 551 3684 disputantem.

294 3713 342 3782 22)
362 3713 402 3766 ssl.
421 3711 536 3773 Betui,
555 3716 607 3768 620
616 3719 635 3767 ·.
673 3708 719 3762 (lb.
740 3707 800 3763 Gle·
821 3707 949 3774 iluimus,
968 3706 1134 3762 Glossarium
1153 3711 1340 3779 germanieum

363 3796 441 3850 medii
466 3797 525 3847 aeri
547 3793 578 3848 T.
601 3803 621 3848 1.
642 3803 665 3848 2.
693 3793 767 3861 Lips.
790 3795 863 3850 1753.
890 3793 951 3846 lol.⁰
976 3809 997 3847 s.
1016 3809 1040 3847 r.
1060 3789 1254 3846 renuerim.
1293 3791 1340 3847 Pt.

360 3879 545 3948 Dusypodius‚
573 3875 764 3932 Diutinnarium
791 3875 1088 3946 Latinogernanteun,
1114 3883 1140 3930 et
1167 3879 1226 3930 viee
1251 3891 1338 3932 versu

360 3959 631 4017 Germanieolatinum
650 3977 672 4015 s.
690 3979 730 4014 vv.
753 3961 865 4026 Gustus,
885 3963 1070 4028 Conseruere3
1091 3959 1195 4014 llslten.
