2942 4690
325 331 369 398 30

324 495 441 564 adlatis
462 491 633 562 luculentis
648 493 793 588 stabilire
805 513 869 560 uon
887 505 1024 579 possum.
1058 491 1226 578 Reperitur
1240 493 1363 580 quidem

324 599 450 685 inipso
477 595 644 668 Parzivale
675 607 801 682 praeter
823 604 961 662 nostrum
983 592 1085 660 locum
1108 612 1135 660 c.
1158 593 1242 672 314,
1273 615 1300 662 v.
1321 597 1364 660 30

324 720 369 770 ua
391 720 458 766 cum
482 698 615 765 relativo
637 701 697 764 dor
721 700 920 765 coniunctum
943 700 974 762 in
994 695 1088 762 huius
1110 697 1200 762 verbi
1220 709 1292 774 usu,
1315 699 1367 762 iri-

326 801 397 868 dem
421 802 455 866 in
477 797 632 866 Guilelmo
655 819 723 886 cap.
746 800 784 878 6,
811 820 839 864 v.
861 799 882 862 8
905 800 953 862 sic
979 807 1156 884 usurpatum
1178 809 1225 865 eut
1251 803 1306 864 luia
1332 819 1366 864 ze

321 905 415 972 wida*
440 906 502 970 solt
529 907 559 968 r'r
585 905 633 967 die
659 906 750 966 simae
778 904 880 965 rihtara
909 902 983 979 aad.
1006 919 1050 964 aa
1072 903 1102 964 tr
1123 903 1203 984 ltelfe
1225 904 1365 986 pllilrtao,

326 1017 359 1074 at
382 1005 596 1074 accusativum
619 1023 725 1070 casum
757 1001 806 1066 his
836 1001 918 1068 loeis
947 1000 1090 1066 exhiberi
1116 1001 1280 1068 evidenter
1304 1022 1366 1070 uon

325 1108 431 1194 liquet.
476 1106 543 1174 Sed
564 1107 709 1171 usitatum
729 1122 797 1170 cum
825 1104 881 1182 sit,
910 1101 957 1168 illi
979 1103 1077 1170 verbo
1100 1105 1366 1190 praepositionum

203 1277 208 1286 ,
322 1229 357 1275 ze
376 1208 526 1294 adiungi,
547 1226 627 1293 quae
652 1215 763 1274 motum
788 1202 830 1270 ad
850 1204 987 1290 aliquem
1009 1203 1112 1271 locum
1129 1207 1286 1291 exprimit,
1310 1224 1367 1292 per

322 1329 358 1376 se
388 1318 635 1378 consentaneum
663 1307 804 1382 videtur,
843 1326 887 1372 oo
926 1308 1191 1394 praepositionem
1221 1304 1366 1374 similiter

322 1410 395 1479 huic
414 1409 640 1494 significationi
662 1410 817 1475 inservire
838 1427 944 1493 posse.
1460 1403 1461 1410 ’

423 1509 615 1581 Woliramus
637 1511 750 1594 igitur,
784 1508 856 1576 dum
878 1529 918 1576 en
939 1518 1084 1596 quattuor
1105 1507 1170 1575 illis
1191 1504 1367 1572 rationibus

323 1611 486 1696 singulas,
530 1629 611 1698 quas
646 1621 762 1698 poetae
791 1612 874 1698 epici
903 1613 935 1676 iu
963 1612 1118 1699 poematis
1149 1606 1367 1696 conponendis

324 1734 459 1801 proauo
487 1715 622 1799 quisque
645 1713 774 1795 ingenio
798 1721 988 1797 sequantur,
1019 1730 1059 1776 ac
1080 1713 1210 1797 primam
1231 1708 1367 1796 quidem,

324 1817 400 1901 quia
439 1813 616 1880 auditorum
653 1813 837 1899 applausum
866 1813 945 1878 nihil
974 1821 1077 1894 curet,
1118 1811 1266 1887 alteram,
1294 1814 1368 1896 quia

323 1916 488 2004 probatum
516 1919 572 1983 iri'
589 1933 658 1981 carn
683 1933 747 1980 non
768 1934 825 1999 pro
849 1925 936 1982 certo
959 1912 1073 1978 haberi
1097 1913 1212 1999 possit,
1235 1915 1367 1990 tertiam,

324 2020 490 2103 quianon
523 2015 618 2082 laude
647 2013 705 2078 sed
739 2015 843 2099 potius
881 2014 973 2098 gravi
1001 2014 1156 2100 supplicio
1192 2011 1291 2098 digua
1319 2015 1368 2090 sit,
1460 2065 1461 2068 ,

324 2127 481 2204 quartam,
506 2119 581 2201 quia
603 2125 715 2202 poetae
736 2111 915 2180 socordiam
936 2113 1091 2193 declaret,
1114 2132 1279 2202 perversas
1295 2133 1367 2198 esse

325 2217 532 2295 demonstrat,
565 2218 626 2284 hoc
655 2235 808 2302 generum
837 2234 973 2282 recensu
1003 2215 1127 2286 occulte
1159 2218 1301 2282 excusari
1332 2235 1368 2282 se

323 2320 389 2387 vult
411 2320 625 2402 auditoribus,
644 2316 734 2406 quod
751 2317 928 2400 Paruiualis
945 2338 996 2384 res
1016 2309 1143 2405 gestas,
1167 2337 1246 2404 quas
1265 2317 1370 2384 adhuc

323 2430 475 2508 perpetuo
499 2421 725 2497 celebrauerit,
754 2418 949 2505 aliquamdiu
973 2422 1126 2488 missurus
1150 2420 1210 2485 iam
1243 2417 1370 2505 postha-

323 2522 506 2607 biturusque
534 2526 593 2602 ait,
626 2543 735 2596 earum
763 2521 834 2588 loco
862 2521 1030 2615 (lauranum
1054 2520 1154 2590 solum
1178 2530 1371 2588 cantaturus.

324 2621 456 2688 Videtur
476 2623 536 2690 lroo
558 2623 652 2691 modo
678 2645 746 2691 cum
765 2621 962 2696 auditoribus
979 2624 1167 2690 satisfacere
1185 2633 1371 2690 tumueram

325 2742 468 2802 causam,
499 2743 556 2792 cur
584 2744 603 2790 a
635 2729 796 2813 proposito
825 2723 1035 2805 digrediatur,
1066 2726 1202 2790 reticere
1229 2732 1302 2810 apte
1333 2744 1371 2790 se

323 2845 419 2912 posse
447 2828 660 2905 existimasse,
689 2831 717 2892 si
747 2846 826 2893 vera
852 2845 951 2892 causa
980 2836 1044 2894 toto
1076 2825 1228 2912 poematis
1251 2826 1371 2893 ambitu
1459 2897 1460 2908 χ

324 2937 434 3014 sponte
465 2929 690 3015 perspicienda
718 2927 964 3011 relinqueretur,
993 2949 1057 2996 uon
1087 2928 1205 2995 diserte
1229 2947 1370 3016 proauu-

324 3031 470 3108 tiaretur,
497 3030 658 3098 efficacius
682 3029 754 3094 lore
778 3038 876 3094 ratus.

827 3481 867 3558 ΙΙ.

426 3641 652 3733 Disputatiouis
680 3649 782 3716 altera
810 3658 900 3737 parte
922 3647 1096 3716 Parzivalis
1125 3650 1246 3738 aliquot
1266 3651 1370 3731 locos,

325 3766 403 3834 quor
435 3748 603 3816 enucleare
640 3748 829 3828 studuimus,
870 3771 909 3819 ex
946 3751 1058 3820 ordine
1089 3754 1152 3821 iam
1174 3752 1303 3820 adferre
1335 3757 1371 3821 in

325 3851 431 3917 auimo
457 3861 513 3918 est.
559 3850 630 3932 Qua
659 3855 692 3918 in
720 3872 756 3918 re
787 3852 882 3920 etiarn
907 3852 1048 3922 locorum
1073 3855 1312 3936 nonnullorum,
1336 3861 1372 3924 in

323 3951 437 4038 quius
461 3953 684 4025 convertendis
702 3950 899 4044 Simroekius
922 3975 943 4024 a
963 3965 1077 4043 poetae
1098 3962 1256 4028 sententia
1276 3960 1372 4047 panl-
