2942 4690
332 307 374 373 18

332 476 492 544 bettonem
511 475 649 544 eliceret
672 487 806 546 necesse
830 486 906 544 erat.
951 477 1030 548 Nam
1054 501 1122 550 cum
1140 484 1279 555 Gaurano
1301 488 1376 556 vale

333 579 468 656 diceret,
497 579 548 646 dei
578 579 800 664 desperatione
833 577 928 666 plane
959 580 1119 650 adflictum
1142 597 1173 654 et
1193 589 1234 654 ad
1259 611 1376 677 propo·

330 684 421 750 situm
452 690 484 746 ut
512 679 677 763 gradalem
706 684 858 769 reperiret
888 685 1121 769 exsequendum
1150 691 1274 758 minime
1306 693 1376 760 ido-

331 803 423 851 neum
446 802 482 847 se
506 781 648 849 ostendit.
1190 833 1194 841 .

433 885 497 954 Sed
527 887 709 972 priusquam
736 903 776 950 ea
803 888 1023 971 proponimus,
1062 908 1145 975 quac
1175 890 1375 974 prolecturus

331 987 470 1056 Gauano
500 989 605 1054 lassus
635 995 697 1063 est,
726 984 885 1056 Gauianus
919 1008 1045 1075 qnoque
1075 989 1150 1078 quid
1173 991 1278 1058 animo
1302 1015 1373 1062 sen-

330 1091 408 1156 serit
433 1089 639 1156 considerare
667 1089 737 1154 usui
775 1087 845 1155 loro
874 1107 1047 1160 censemus.
1107 1092 1206 1172 Quem
1236 1093 1376 1180 Gundria

330 1191 558 1277 istaprolecta
583 1210 681 1276 eques
709 1189 839 1275 quidam
863 1191 991 1275 ignotus
1020 1193 1077 1260 sed
1100 1193 1285 1280 splendidus
1308 1201 1375 1286 (qni

331 1291 456 1380 quidem
492 1309 561 1356 cum
589 1291 729 1358 Gundnia
759 1303 887 1378 propter
923 1293 954 1358 id
992 1294 1076 1380 quod
1116 1298 1184 1380 agit
1213 1302 1372 1381 negotium

331 1393 561 1484 quodammodo
586 1395 758 1479 conparari
787 1399 923 1480 potest),
953 1408 1114 1482 postquam
1137 1400 1242 1464 Arturi
1268 1411 1376 1466 castra

329 1497 525 1565 sollemniter
555 1497 697 1574 intrauit,
738 1498 826 1580 regis
859 1497 1019 1564 cuiusdam
1054 1500 1211 1569 interiecti
1239 1520 1372 1568 accusa-

329 1609 428 1678 uerat,
449 1596 760 1675 inlamem'iecerat‚
782 1597 824 1664 ad
848 1618 986 1685 pugnam
1009 1600 1202 1684 singularem
1228 1602 1279 1668 die
1305 1614 1370 1670 sto-

329 1712 394 1769 tuta
416 1709 658 1789 provocaverat.
703 1697 765 1763 Pro
792 1699 858 1766 alio
882 1705 951 1764 uiro
974 1703 1079 1784 (quem
1104 1701 1310 1785 wolframus,
1343 1719 1374 1773 ut

329 1805 426 1880 solet,
460 1807 493 1871 in
515 1802 693 1889 posteriore
709 1789 834 1866 'demum
858 1802 1012 1887 poematis
1044 1800 1177 1868 decursu
1205 1803 1276 1882 (lib.
1298 1809 1320 1872 8
1343 1821 1374 1876 et

328 1909 383 1989 10)
404 1901 594 1972 homicidam
618 1902 718 1967 luisse
739 1901 932 1986 fratremque
954 1905 1063 1972 uxoris
1087 1903 1251 1988 Gunugu-ii,
1288 1908 1369 1976 Gur-

326 2008 475 2076 namantii
497 2004 553 2069 lilii
574 2004 659 2067 tertii
682 2000 737 2080 (cl.
760 2018 830 2086 cap.
854 2002 934 2081 178,
956 2023 984 2068 u.
1008 2003 1051 2067 15
1063 2009 1146 2089 sqq.)
1169 2027 1241 2075 esse
1265 2009 1370 2093 docet)
1454 2035 1455 2040 ¹

328 2128 385 2197 pru
409 2108 490 2188 alio,
511 2107 655 2188 inquam,
678 2107 747 2166 cum
770 2101 927 2170 Gauianus
949 2123 985 2170 se
1008 2103 1120 2175 caedis
1150 2105 1235 2176 illius
1262 2113 1369 2180 iactae

326 2208 503 2279 insimulari
530 2201 739 2270 intellexisset
778 2203 933 2291 culpaque
970 2226 1011 2273 ca
1045 2227 1162 2276 vacere
1197 2231 1253 2298 pro
1281 2226 1369 2284 certo

324 2312 502 2387 habuisset,
523 2307 657 2374 iniurias
678 2305 750 2370 illas
772 2307 1018 2392 certaminisque
1042 2307 1243 2407 indictionem
1265 2333 1369 2402 aequo

326 2415 430 2480 animo
461 2409 594 2485 tulerat,
623 2404 784 2476 Parziuall
814 2415 916 2472 sutem
946 2419 978 2474 nt
1010 2412 1043 2475 in
1073 2413 1187 2480 itinere
1220 2429 1368 2504 suscepto

325 2534 381 2581 res
402 2513 471 2586 eins
492 2509 553 2578 deo
573 2510 697 2576 iuuante
731 2507 882 2574 cederent
909 2507 992 2576 hene
1021 2522 1193 2598 optauerat.
1242 2520 1368 2587 Attum

186 2625 192 2632 '
326 2612 475 2681 Parziuel
497 2612 633 2680 Gaurano
663 2610 737 2678 ideo
768 2608 852 2696 quud
876 2609 928 2676 dei
953 2613 1090 2682 iuuantis
1112 2603 1298 2686 mentionem
1319 2621 1368 2688 le-

325 2718 422 2784 cisset
446 2733 629 2800 responsum
651 2711 755 2788 dedit,
782 2733 843 2798 quo
873 2712 1046 2780 descivisse
1074 2736 1110 2782 sc
1130 2737 1151 2784 a
1175 2718 1235 2786 deu
1259 2734 1367 2808 aperte

234 2903 243 2916 ἱ
322 2817 491 2903 signiaco.

325 2920 403 3005 Gap.
425 2919 513 2984 332.-
837 2918 884 2980 ute
905 2933 973 2982 uuaz
994 2917 1034 2982 ist
1056 2923 1136 3002 got?
1250 2996 1254 3004 ¹

532 3033 605 3084 uuaar
627 3013 685 3078 der
706 3013 890 3099 geualdec,
915 3017 1026 3084 salben
1048 3031 1119 3106 spot

529 3117 582 3183 liet
603 3135 638 3182 er
657 3136 716 3182 uns
738 3117 841 3203 peden
863 3116 930 3183 niht
952 3119 1091 3204 gegehn,

531 3215 639 3284 kunde
662 3229 718 3303 got
739 3221 792 3284 mit
813 3219 938 3285 kreltcn
959 3220 1042 3286 lebn.

362 3367 375 3376 -
453 3323 483 3388 5.
527 3317 580 3384 ich
601 3337 667 3384 uuas
688 3321 729 3384 im
744 3320 842 3387 ‘diens
864 3320 1028 3401 undenam,

528 3422 568 3488 sit
592 3421 644 3486 ich
667 3423 812 3506 genaden
836 3423 918 3488 mich
940 3442 1064 3489 uersam.

528 3543 569 3588 nu
591 3521 643 3589 uuil
667 3523 717 3589 i'm
742 3523 845 3590 dienst
866 3521 1063 3608 uidersagn:

528 3623 583 3692 luit
606 3645 642 3690 er
663 3625 740 3701 haz,
764 3625 824 3691 dcn
849 3621 912 3689 uuill
933 3623 983 3688 ich
1005 3632 1106 3708 trago.

421 3722 522 3792 ‘Cave
550 3726 672 3810 igltnr',
704 3726 872 3793 Gauranum
894 3743 1021 3791 monere
1044 3725 1166 3812 pergit,
1196 3725 1267 3791 ‘ubi
1293 3745 1367 3802 cer·

319 3829 437 3893 tamna
464 3831 592 3905 inieris,
625 3827 758 3914 amplius
789 3826 849 3892 deo
881 3826 1039 3907 confidas,
1082 3831 1173 3916 quasi
1206 3827 1365 3898 adiuuare

318 3937 348 3992 te
372 3939 494 4016 posset;
517 3926 645 4003 confide
672 3930 713 3995 iis
746 3930 849 4014 potius
877 3927 989 4012 rebus,
1022 3950 1104 4018 quac
1126 3928 1281 4020 probatae
1304 3931 1365 4000 tibi
