2942 4690
1120 362 1141 427 9

10 537 17 570 r
98 527 300 614 digressione
311 530 398 596 iacta
412 526 579 597 Pau-rivale
598 531 688 616 quasi
706 527 887 596 desoaena
909 532 1070 618 paulisper
1089 551 1141 597 ro-

98 642 181 697 moto
204 631 374 699 (lauranum
405 631 620 699 celebraturus
648 642 741 698 esset.
793 635 934 719 Denique
958 653 1040 719 quae
1062 645 1142 698 uera

98 732 194 798 fuerit
223 751 341 809 causa,
374 752 431 800 our
460 733 651 800 wolframus
679 733 737 800 bos
765 755 878 801 versus
912 733 1141 822 quodammodo

99 833 312 900 didascalicos
335 835 513 902 Parzivalis
544 833 626 902 libro
656 839 785 922 septimo
808 847 840 902 ut
862 836 1027 923 prologum
1047 855 1141 923 prae·

98 936 219 1012 fixerit,
249 937 443 1016 ridebimus,
474 939 503 1002 si
525 935 762 1023 repetiverimus
787 942 891 1004 animo
915 957 975 1014 ea,
1007 941 1140 1024 quaein

96 1038 257 1124 prioribus
282 1039 375 1104 libris
409 1059 465 1104 sex
493 1039 533 1102 de
556 1037 730 1104 Parziualis
749 1043 814 1105 vita
835 1061 874 1106 ac
896 1041 988 1107 lactis
1011 1051 1141 1104 narrata

97 1151 177 1207 sunt.
227 1145 334 1227 ltaque
360 1141 531 1206 sententias
561 1157 639 1225 quas
670 1138 717 1205 illi
746 1140 820 1205 libri
845 1143 1005 1207 continent
1028 1143 1141 1227 prima-

96 1246 164 1309 rias
186 1243 297 1310 ordine
321 1245 382 1307 iam
403 1259 579 1329 proponere
603 1244 634 1306 iu
655 1243 842 1318 animo-esa
865 1262 927 1329 qna
948 1244 981 1306 in
1004 1263 1039 1308 re
1063 1238 1140 1310 c‘on-

97 1343 236 1411 boienda
266 1347 321 1410 toti
351 1345 424 1411 huic
453 1344 656 1430 disputationi
690 1347 759 1410 usui
784 1345 916 1411 loturum
940 1367 1010 1412 esse
1033 1349 1140 1414 existi-

96 1449 195 1524 mavi,
228 1447 254 1510 si
277 1445 467 1512 dissererem
485 1443 592 1532 paullo
616 1448 775 1532 copiosius
798 1467 890 1532 quam
913 1449 953 1513 ad
975 1448 1140 1535 prologum

95 1548 194 1633 ipsum
217 1545 463 1630 intellegendum
488 1566 621 1612 necesse
645 1546 804 1614 haberem.

178 1677 347 1756 ¹Parzival
373 1680 559 1743 iuventutem
582 1687 612 1743 et
634 1676 881 1743 adulescentiam
898 1684 947 1759 (re
964 1679 1087 1766 quidem
1108 1683 1140 1746 in

99 1777 277 1847 universum
297 1783 454 1866 spectata)
476 1789 676 1864 transegerat
696 1780 779 1845 baud
803 1778 982 1859 inielioom3
1006 1803 1076 1848 nam
1099 1785 1139 1850 ab

97 1901 137 1945 eo
168 1891 325 1967 tempore,
357 1899 395 1944 ex
417 1899 478 1964 quo
508 1890 541 1944 ut
561 1881 706 1943 Arturum
731 1885 783 1964 qui
806 1878 933 1944 tabulae
957 1902 1037 1967 quae
1061 1883 1140 1950 dici-

96 1993 146 2047 tur
173 1981 328 2048 rotundae
356 1991 503 2068 praeerat
534 2001 641 2067 regem
670 1983 825 2046 inveniret
849 1983 980 2067 eiusque
1003 1988 1140 2051 auctori-

96 2092 161 2150 tate
177 2085 210 2149 in
225 2085 367 2150 ordinem
389 2093 564 2170 equestrem
585 2085 644 2148 rite
669 2087 862 2172 reciperetur
884 2094 981 2151 matre
1006 2088 1038 2151 iu
1060 2084 1141 2152 saltu

97 2184 222 2251 deserto
249 2185 360 2250 relicta
399 2185 531 2271 patrium
561 2185 660 2250 solum
691 2189 833 2264 mutavit,
869 2206 968 2272 usque
998 2187 1039 2256 ad
1072 2210 1141 2255 eum

98 2286 193 2365 diem,
225 2307 286 2372 quo
314 2286 354 2351 ab
384 2285 440 2352 illo
470 2306 547 2372 rege
571 2296 694 2352 oreatus
719 2297 765 2352 ost
789 2305 900 2372 eques,
933 2291 1051 2353 amoris
1072 2291 1140 2375 qui-

98 2389 167 2454 dem
195 2390 355 2454 tormentis
388 2387 551 2470 dulcibus,
584 2387 640 2454 sed
664 2386 738 2454 aliis
761 2389 856 2454 animi
882 2385 1045 2454 doloribus
1070 2409 1140 2456 crn-

97 2491 243 2556 ciabatur
275 2491 343 2556 iere
375 2491 478 2555 nullis.
540 2491 665 2557 Morum
694 2501 756 2556 tum
786 2491 959 2574 vigentium
988 2492 1141 2577 inperitus

96 2591 154 2658 sed
183 2595 307 2676 integer
331 2594 416 2657 vitae
440 2611 522 2679 quae
541 2603 642 2658 mater
665 2594 847 2658 discessuro
871 2591 913 2656 ad
935 2593 1031 2657 vitam
1053 2603 1140 2658 recto

97 2694 254 2778 agendam
286 2692 418 2760 dederat
447 2705 620 2782 praecepta
652 2696 782 2780 primum
805 2694 932 2759 tenebat
953 2703 1041 2758 tanta
1070 2692 1142 2758 dili-

95 2798 221 2882 gentia‚
251 2806 282 2861 ut
301 2798 385 2862 stulti
407 2817 470 2862 non
493 2797 674 2863 dissimilem
696 2797 881 2880 pracsertim
904 2793 987 2879 apud
1009 2791 1140 2859 Orilusii

97 2899 264 2982 coniugem
288 2917 323 2961 se
348 2908 486 2980 gereret.
530 2893 704 2974 Stultitia³t
734 2891 844 2959 eadem
868 2885 961 2978 quasi
986 2911 1140 2960 occaeca-

96 3010 159 3064 tum
186 3019 221 3064 se
253 2999 442 3084 praebebat,
472 3020 540 3064 cum
567 3018 605 3065 ue
635 2992 800 3084 suspicans
831 2993 954 3082 quidem
977 2998 1082 3062 scelus
1106 3017 1141 3061 se

97 3101 263 3166 admittere
293 3100 435 3166 ltberium
464 3120 571 3184 regom
599 3119 665 3182 qum
687 3104 755 3184 ipso
782 3096 1028 3182 expostulantem
1054 3099 1141 3162 occi-

98 3202 189 3268 deret
209 3205 346 3269 occisum
371 3203 523 3290 spoliaret
544 3205 649 3266 armis.
659 3201 685 3280 ⁴)
728 3198 797 3276 Quo
821 3198 921 3273 lacto,
949 3207 982 3262 ut
1007 3201 1140 3282 equitem

100 3304 237 3369 decebat
257 3305 404 3381 vestitus,
433 3304 537 3368 animo
561 3299 766 3388 probissimus
789 3298 846 3363 sed
869 3299 1007 3365 moribus
1032 3301 1140 3364 etiam-

99 3426 181 3472 nunc
212 3406 299 3471 rudis
323 3409 382 3472 iter
404 3424 543 3491 pergens
569 3404 610 3469 ad
634 3422 737 3468 arcem
764 3410 873 3488 postca
897 3399 1037 3466 defertur
1058 3399 1140 3466 Gur-

108 3609 308 3622 —t-——un

125 3761 156 3830 3)
176 3757 253 3818 Parz,
273 3735 418 3826 oapstsst,
441 3771 464 3810 v.
484 3764 509 3813 7.
527 3743 533 3756 '
554 3711 590 3806 sil
610 3750 644 3804 dd
666 3765 695 3805 er
713 3745 770 3802 sich
789 3761 839 3816 paz
859 3759 966 3812 versare,

363 3849 366 3856 ’
551 3848 671 3905 ungerne
690 3833 735 3888 bct
754 3848 799 3886 erz
818 3831 852 3884 do
871 3829 963 3901 gotia.

124 3943 156 4009 t)
174 3940 250 3999 Para.
268 3955 325 4009 cap.
350 3937 416 3998 475,
443 3952 466 3988 v.
485 3939 509 3991 5.
551 3948 646 4004 genam
666 3931 707 3985 iob
728 3934 752 3985 ie
772 3929 822 3984 den
843 3931 953 3996 reroup,

552 4021 583 4071 so
604 4031 659 4072 uas
676 4016 717 4071 lob
738 4031 772 4069 an
792 4014 843 4068 den
863 4019 959 4069 witzan
980 4017 1052 4080 toup.
