2942 4690
315 343 361 416 leti

316 517 398 584 baec
419 522 484 593 est,
506 511 650 580 omnibns
670 505 720 582 bir'
743 511 862 582 tabuiis
881 513 1039 600 originem
1063 533 1136 582 esse
1159 533 1366 592 commanem,

319 621 463 686 nimirum
490 615 578 706 uulgi
608 619 788 704 opinionem
815 619 1056 684 uetustissimam
1085 619 1224 704 singuiis
1251 635 1367 684 saecu-

320 720 363 788 lis
385 719 591 798 obtinentem,
620 718 757 806 ideoque
777 718 906 788 fabulae
929 719 969 786 rte
991 724 1077 788 tritae
1099 719 1218 788 arbore
1242 719 1371 788 adbibi-

322 833 373 890 tes
396 841 474 888 sane
504 839 597 907 qnam
626 819 762 887 idoneas
791 841 882 902 esse,
911 822 1024 909 quibus
1045 823 1127 890 lucis
1152 821 1273 909 aliquid
1296 821 1369 888 hnic

325 922 399 990 loco
424 922 625 996 adiundatur.

744 1143 945 1156 m

365 1415 369 1418 ’
426 1410 601 1494 Antequam
624 1428 702 1476 vero
725 1405 767 1474 ad
791 1409 855 1502 alia
876 1427 934 1476 nos
958 1418 1188 1486 convertamus,
1211 1408 1244 1474 in
1266 1416 1370 1478 trans·
1469 1395 1470 1412 ¹

328 1510 373 1574 itu
395 1513 485 1596 quasi
515 1519 681 1578 tractemus
713 1509 808 1588 alium
826 1510 946 1586 locum,
974 1530 1038 1576 non
1062 1511 1145 1596 qnod
1171 1509 1308 1576 dificilis
1328 1511 1371 1580 sit

328 1611 521 1688 intellectus
538 1612 598 1684 sed
628 1612 711 1698 quod
740 1623 854 1700 poetae
882 1615 981 1680 nostri
1012 1612 1099 1678 sales
1128 1613 1371 1698 brevitatemque

329 1711 457 1778 dicentii
479 1714 634 1780 ostendet.
675 1717 840 1806 Postquam
863 1716 944 1782 euim
966 1713 1173 1790 maierolibri
1190 1715 1264 1778 noni
1282 1725 1372 1800 parte

330 1813 519 1903 descriptum
551 1827 614 1894 est,
654 1817 809 1902 quomodo
841 1815 989 1882 Parzirai
1018 1814 1070 1882 die
1103 1816 1273 1882 memoriae
1302 1813 1374 1882 lesu

329 1917 469 1984 crucifixi
499 1929 688 1986 consecrato
712 1917 753 1983 ad
777 1917 1016 1984 Trevrizentem
1039 1912 1228 1991 avunculum
1259 1917 1293 1982 in
1321 1936 1374 1982 so·

330 2021 464 2089 lituriine
493 2024 648 2086 viventem
682 2023 865 2106 pervenerit
893 2029 986 2104 atque
1016 2020 1192 2086 abeodem
1225 2017 1264 2106 te
1296 2038 1373 2104 gra·
1469 2043 1470 2056 ¹

328 2121 395 2187 dali
417 2105 625 2208 gradalisque
648 2119 848 2196 custodibus
871 2123 1107 2208 praecipuede
1132 2120 1374 2208 morbo‘despe·

326 2233 414 2305 rato,
453 2243 514 2310 quo
541 2223 745 2291 Anfortasius
781 2243 838 2290 rex
859 2223 1053 2302 laborabat,
1091 2235 1239 2291 accurate
1270 2223 1373 2290 iectus

327 2326 368 2391 sit
390 2330 524 2404 certior,
547 2337 759 2393 memorantur
788 2328 880 2392 etiam
914 2347 970 2404 ea,
998 2345 1080 2412 quae
1110 2324 1166 2392 illu
1197 2325 1248 2392 die
1271 2323 1378 2420 epulis

326 2429 473 2494 institutis
495 2447 516 2492 a
538 2415 760 2494 duobus'viris
784 2447 911 2494 comesa
933 2430 1013 2506 sint,
1038 2430 1087 2494 cui
1115 2447 1231 2510 cenae,
1258 2429 1373 2514 qnippe

327 2547 409 2614 quae
442 2539 529 2594 esset
558 2530 691 2620 omniurn
721 2531 966 2619 simplicissima,
1004 2540 1099 2618 poeta
1126 2528 1237 2621 leuiter
1265 2529 1373 2610 illusit,

326 2630 369 2696 ita
394 2651 525 2698 exorsus
547 2619 720 2720 cap.*487‚
751 2655 779 2700 v.
801 2637 819 2698 l
842 2654 910 2721 sqq.

501 2747 593 2816 Suaz
615 2749 657 2816 dai
677 2768 740 2818 uas
762 2751 846 2836 spise
866 2750 917 2836 fiir
940 2757 1105 2834 getragen,

499 2851 628 2919 beiiben
651 2854 677 2918 si
697 2851 740 2918 di
762 2851 845 2918 nach
868 2862 1089 2936 ungetuagem

500 2953 561 3018 daz
585 2953 757 3032 enschadet
781 2957 812 3019 in
837 2974 879 3018 an
902 2954 963 3020 den
977 2945 1093 3038 'eugen
1114 2952 1188 3030 nitu,

494 3053 545 3121 als
567 3073 639 3119 man
662 3043 824 3140 ischegen
846 3054 972 3122 handen
992 3054 1068 3142 giht.

342 3257 344 3262 ,
428 3185 568 3264 Quibus..
587 3186 734 3254 versibus
773 3185 854 3252 baec
893 3187 960 3254 fere
1000 3185 1156 3252 dicuntur.
1214 3183 1267 3252 ‘Si
1295 3184 1370 3252 cibo

328 3297 459 3374 sumpto,
480 3309 541 3374 quo
564 3309 673 3355 mensa
696 3299 854 3355 exstructa
879 3301 962 3367 erat,
984 3307 1106 3353 manus.
1120 3287 1229 3352 lavare
1244 3289 1371 3352 omitte-

327 3388 489 3466 bant‚·id
520 3389 644 3476 quidem
676 3390 777 3457 oculis
812 3391 937 3458 illorum
974 3388 1088 3454 damno
1126 3389 1250 3454 minime
1289 3399 1369 3465 erat,

327 3490 422 3576 quale
446 3489 590 3559 damnum
613 3491 763 3559 videlicet
786 3494 932 3560 manibus
954 3497 1024 3559 iura
1046 3490 1221 3578 piscolento
1240 3490 1370 3576 pollutis

325 3592 494 3660 inbaerere
525 3593 664 3660 dicitur’.
711 3594 808 3662 Cibus
833 3597 929 3671 enirn,
959 3597 1054 3660 cuius
1084 3595 1183 3678 primo
1214 3613 1310 3662 versu
1336 3594 1372 3662 bt

325 3696 457 3772 mentio,
479 3695 646 3762 constabat
669 3717 707 3761 ex
726 3695 890 3762 radicibus
910 3695 1082 3782 herbisque
1096 3731 1115 3771 ‚·
1129 3712 1209 3780 quas
1230 3693 1282 3758 bic
1299 3695 1371 3761 illie

326 3795 459 3862 effossas
489 3815 572 3883 aqua
602 3808 815 3885 purgaverant
838 3790 1018 3884 crudusque
1040 3797 1204 3863 sumebant
1225 3796 1278 3876 (ci.
1299 3817 1372 3885 rap.

323 3899 405 3974 485,
437 3919 464 3965 v.
487 3902 529 3966 19
551 3905 644 3984 sqq).
694 3898 802 3984 ltaque
832 3902 935 3964 cenati
963 3907 1073 3966 manus
1102 3903 1183 3965 inter
1205 3898 1288 3962 banc
1312 3919 1372 3964 ce-

322 4021 394 4068 nam
409 4005 533 4068 minime
548 4001 706 4068 delibutas
730 4035 768 4050 --
793 4001 937 4068 munibus
956 4003 1054 4077 enim,
1078 4000 1215 4067 furcillis
1231 3999 1370 4067 nondum
