2942 4690
92 1581 286 1716 ”inputatio
310 1627 391 1693 lraec
410 1645 495 1704 mera,
521 1643 584 1712 qua
607 1620 686 1690 nihil
709 1623 771 1690 nisi
786 1642 888 1710 pauca
909 1623 950 1690 ari
970 1621 1137 1692 Wollrami

33 1768 38 1778 ·
93 1727 362 1816 interpretandum
387 1725 584 1792 Parziualem
611 1725 738 1791 adferre
761 1727 795 1790 in
818 1729 922 1792 animo
947 1717 1019 1804 luit,
1051 1729 1079 1792 si
1102 1729 1136 1792 in

92 1831 207 1897 fabula
237 1829 277 1896 de
305 1827 433 1912 gradali
462 1845 544 1910 qnae
575 1826 690 1891 dicitur
717 1827 849 1892 seutella
879 1827 1067 1912 explicanda
1085 1827 1139 1894 vel

92 1933 127 1996 in
158 1933 343 2017 quaestione
371 1937 555 2016 versaretur
589 1925 627 1992 de
658 1925 751 1992 Kioto
781 1924 837 1993 illo
870 1925 1010 2006 Gallico,
1047 1949 1156 2014 quem¹

93 2033 288 2100 Woliramns
320 2031 445 2097 suarum
475 2049 578 2095 rerum
607 2037 766 2115 nuncupat
796 2037 972 2107 auctorem,
1008 2049 1030 2095 a
1058 2033 1138 2097 viris

88 2135 198 2213 ,doctis
219 2153 319 2220 nuper
342 2152 405 2198 non
427 2131 496 2196 sine
519 2130 627 2216 aliquo
643 2130 747 2196 studio
763 2141 938 2217 protracta,
961 2131 1047 2198 haud
1070 2135 1138 2200 seio

50 2317 52 2322 Ι
95 2255 137 2302 an
167 2236 291 2320 gratior
318 2230 478 2299 nonnullis
508 2231 614 2298 futura
650 2242 744 2297 esset.
804 2231 868 2297 Setl
900 2251 1018 2318 panea,
1058 2255 1139 2320 quae

95 2338 284 2405 verisimilia
314 2335 512 2414 viderentur,
552 2335 688 2400 lortasse
725 2353 832 2400 verum
872 2337 964 2399 etiam
999 2338 1141 2421 proxime

97 2441 308 2524 attingerent,
343 2435 457 2504 litteris
495 2437 648 2502 mandare
676 2435 788 2516 malui,
826 2456 917 2523 quam
953 2440 1142 2506 coniecturis

96 2542 282 2629 praesertim
317 2538 357 2604 de
386 2537 482 2604 Kioto
516 2537 611 2603 laetis
649 2535 837 2623 adiungere
857 2529 947 2604 alian.
992 2539 1143 2608 ¹Carolus
1222 2537 1224 2540 ’

30 2659 34 2665 ’
97 2641 223 2728 quidem
262 2640 473 2718 SimroolriuS‚
523 2638 677 2705 laudabili
715 2639 771 2706 ille
815 2641 1000 2728 antiquioris
1028 2646 1144 2730 poesia

98 2741 292 2809 Theotiscae
323 2753 480 2829 tamquam
509 2742 689 2829 patrimonii
720 2745 768 2810 sui
798 2763 905 2809 amore
926 2744 1080 2826 insignis,
1111 2747 1146 2809 in

98 2863 137 2910 eo
159 2844 259 2921 fibro,
283 2863 344 2928 quo
368 2843 534 2906 Wolirami
557 2839 753 2904 Parziialem
776 2853 807 2904 et
824 2841 995 2906 Titurelem
1014 2843 1148 2912 Germa-

98 2947 171 3012 nioe
209 2963 230 3008 a
265 2961 301 3008 se
331 2942 472 3007 redditos
505 2943 626 3006 tertium
659 2934 783 3019 ediuit‚'
819 2939 859 3006 de
891 2940 983 3008 Κίοιο
1017 2947 1146 3032 copiose

99 3045 261 3112 disserens
292 3061 360 3108 eum
396 3061 416 3108 a
444 3041 618 3108 Woliramo
658 3045 772 3108 conicit
808 3041 903 3129 plane
939 3043 1040 3112 fiotum
1072 3068 1146 3114 esse

8 3147 11 3154 '
99 3147 197 3232 idque
217 3143 289 3211 ideo
319 3145 486 3230 atquibus
515 3144 642 3210 loeis-a
664 3143 843 3209 Christiano
866 3145 1147 3227 Augustobonensi
1267 3163 1274 3178 ·

100 3267 166 3314 suo·
190 3265 265 3312 usus
290 3247 424 3312 consilio
457 3247 652 3329 discreparet
676 3254 835 3310 auctorem
861 3245 1017 3331 quendam
1037 3269 1147 3334 quam„-

100 3349 149 3416 vis
179 3348 283 3413 fiotum
311 3350 351 3412 iis
383 3348 436 3432 qni
468 3345 598 3412 audiunt
625 3347 789 3432 proterret.
851 3345 920 3414 Hae
947 3351 1149 3418 coniecturae

102 3449 348 3517 Simroolrianae
369 3451 491 3514 tametsi
514 3459 638 3534 poetam
660 3459 799 3514 nostrum
819 3458 985 3536 praestare
1006 3451 1151 3518 videntur
1179 3487 1181 3492 .

102 3556 254 3618 maiorem
275 3553 441 3638 magisque
465 3569 523 3616 suo
545 3553 644 3636 ipsius
667 3552 796 3635 ingenio
817 3551 970 3628 innixum,
998 3561 1105 3618 tamen
1126 3553 1151 3619 ii

104 3654 158 3738 qni
187 3651 394 3722 Woli'ramum
422 3652 527 3719 colunt
554 3662 693 3738 poetam,
723 3653 777 3738 qui
800 3651 924 3737 quidem
946 3653 1041 3718 iidem
1067 3642 1151 3720 ueri-

8 3811 9 3816 ,
104 3755 180 3818 tatia
206 3763 348 3820 amantes
376 3753 462 3834 suni,
498 3749 610 3830 faeere
647 3773 711 3819 non
739 3763 882 3842 poterunt
910 3755 985 3841 quin
1014 3757 1091 3822 istos
1122 3745 1153 3822 ei

103 3847 244 4021 lpotporen
273 3855 443 3940 abrogent,
471 3856 573 3942 ipsius
599 3853 639 3921 rie
660 3855 752 3924 Kioto
777 3855 869 3924 dietis
890 3859 1068 3924 etiamnunc
1093 3856 1154 3924 lide

131 3974 150 4020 a
174 3956 226 4021 ita.

929 4058 947 4121 1
