2942 4690
349 325 370 390 2

449 487 643 556 Sirnrecbius
665 488 746 552 enim
774 490 899 554 minime
924 489 1070 576 probavit
1092 491 1280 557 seutentiam
1302 511 1390 557 suam

347 611 408 656 nee
433 595 531 679 putuit
561 591 657 656 terite
688 591 823 676 probare
852 610 937 667 eam,
967 612 1049 678 qnae
1076 591 1196 658 leretur
1228 593 1417 659 decanea·
1461 583 1462 594 ¹

346 713 430 780 quae
453 696 594 760 maximis
617 690 854 759 difficultatibus
878 694 1014 780 obsepta
1036 696 1229 780 maximeque
1252 696 1388 762 obscura
1461 725 1462 744 t

346 801 395 863 sit.
457 795 524 861 Lux
561 805 662 860 auteur
700 797 827 878 integra
857 795 930 860 buis
956 798 1001 860 rei
1034 814 1097 859 nun
1127 799 1229 880 prius,
1266 799 1388 882 opinor,

154 941 168 950 -
255 956 259 963 .
305 934 307 940 v
347 898 478 966 adfundi
515 899 644 983 pulerit,
681 915 774 980 quam
811 898 870 964 uiri
907 895 1007 972 ducti,
1044 897 1146 982 qualis
1184 897 1388 963 Holimannus

346 999 610 1067 Fallerslebensis
630 1007 729 1074 extat,
752 996 793 1061 ad
815 995 956 1062 occultos
971 997 1069 1064 libros
1090 999 1296 1086 reperiendos
1321 1003 1387 1064 nati

347 1113 441 1188 atque
463 1102 622 1176 instructi,
652 1117 765 1185 poema
787 1098 864 1164 illud
886 1099 1065 1166 Kietianum
1092 1122 1129 1166 ex
1150 1102 1288 1166 tenebris
1313 1120 1388 1186 pro-

345 1205 504 1270 traxerint.
551 1201 745 1284 Quamquam
761 1221 837 1266 veru
859 1207 938 1267 haee
957 1204 1103 1279 desunt,
1127 1203 1268 1268 nonnulli
1285 1214 1388 1267 tamen

345 1303 547 1371 hauddubie
578 1305 788 1388 reperientur,
819 1304 931 1387 quibus
961 1324 999 1368 en
1024 1324 1105 1389 quae
1129 1304 1324 1370 Simroekius
1347 1303 1387 1366 de
1450 1293 1462 1358 'a

347 1407 440 1472 Kiutu
468 1404 618 1470 iudicavit
645 1402 826 1490 probabilia
850 1425 920 1471 esse
943 1405 1124 1470 videantur:
1156 1407 1188 1470 id
1211 1403 1293 1491 quud
1317 1403 1386 1468 fieri

345 1526 440 1595 pusse
459 1509 591 1570 manime
620 1507 761 1570 existimo
787 1517 955 1591 propterea
986 1508 1069 1593 quod
1090 1508 1241 1574 Allredus
1261 1505 1389 1571 Rueba-

344 1614 407 1676 tius
429 1611 462 1674 iu
493 1610 593 1694 primu
622 1607 778 1672 lascieulu
796 1609 979 1684 :annalium
1007 1627 1087 1693 quus
1110 1612 1235 1676 neruine
1255 1608 1386 1672 Germa-

344 1714 418 1776 niae
454 1708 644 1774 Franciscus
677 1706 844 1791 Pleilierue
878 1707 999 1784 tertiurn
1034 1709 1150 1787 edidit,
1192 1710 1386 1772 Beruensern

343 1811 456 1903 librum
486 1829 548 1896 que
578 1808 748 1882 Christiani
776 1810 975 1873 euritinentnr
1004 1806 1123 1874 Gentes
1155 1807 1207 1874 del
1231 1806 1330 1875 Grani
1354 1811 1387 1872 in

344 1915 428 1980 banc
463 1915 564 1998 ipsam
600 1915 788 1978 sententiam
825 1907 1077 1976 Simreebiunarn
1115 1910 1320 1994 perlustravit
1356 1919 1387 1974 et
1461 1963 1462 1978 ,

344 2033 457 2102 poema
475 2012 553 2080 illud
576 2008 729 2078 Gattteun
755 2029 825 2076 cnut
852 2007 1018 2077 Wollrarni
1042 2008 1209 2076 Parziuale
1233 2009 1388 2095 aliquate-

343 2137 402 2188 ttus
426 2116 620 2204 conparauit.
1079 2185 1082 2192 ,

449 2216 622 2284 Ruubatius
646 2215 727 2282 enim
746 2209 795 2278 illi
824 2211 978 2278 adsensus
1000 2209 1086 2276 Kinti
1109 2229 1225 2278 numen
1244 2210 1385 2278 fabulam

344 2340 434 2398 esse,
465 2318 677 2386 Christianum
709 2313 1023 2398 Augustubuuenseru
1056 2310 1221 2380 Wullranti
1252 2333 1325 2382 esse
1348 2332 1385 2380 rs

342 2441 422 2490 vera
442 2432 602 2490 auctorem
625 2418 812 2490 arbitratur,
847 2433 1031 2502 quamquam
1062 2425 1158 2502 poeta
1179 2426 1286 2490 noster
1307 2413 1386 2480 ttin-

342 2535 500 2591 tumuere
521 2521 705 2588 narravisse
730 2516 921 2604 fabulasque
944 2530 1029 2582 reete
1053 2527 1206 2584 tractatas
1225 2517 1288 2582 sibi
1310 2535 1384 2600 sup

342 2625 506 2714 peditasse
535 2622 696 2710 profitetur
723 2621 791 2706 ipse
822 2618 1021 2696 hisnardus,
1052 2619 1134 2705 quud
1165 2619 1277 2694 uideo,
1306 2617 1386 2682 eatis

292 2759 303 2771 ·
342 2727 518 2816 perspicuis
538 2724 644 2806 (Parz.
667 2741 736 2806 cap.
757 2722 838 2798 827,
866 2742 915 2788 uu.
936 2725 958 2787 3
983 2731 1013 2787 et
1034 2721 1082 2804 4.)
1109 2721 1210 2804 Kpdt,
1247 2721 1301 2784 der
1322 2737 1385 2784 uas

344 2834 398 2896 diu
421 2833 529 2894 radten
550 2844 649 2890 moerr
671 2822 770 2889 antur.
813 2822 924 2910 Neque
942 2843 1004 2907 ege
1027 2826 1169 2890 existimo
1192 2823 1260 2890 lure
1275 2841 1384 2907 querna

344 2948 451 3016 quam,
477 2926 528 3011 qui
551 2926 585 2988 in
608 2921 755 2990 Ruebatii
773 2921 831 2988 illa
854 2923 1082 3010 disputatione,
1114 2943 1176 3006 qua
1198 2922 1285 2986 nrulti
1309 2921 1387 2988 Gal.

342 3027 397 3096 liei
419 3027 572 3113 poematis
597 3042 708 3092 versus
732 3041 801 3090 cunr
824 3021 987 3092 Theotisui
1018 3021 1164 3092 versibus
1187 3019 1386 3118 centendun-
1441 3031 1446 3036 '

210 3185 218 3202 .
343 3141 393 3197 tur
413 3147 452 3196 ac
479 3127 581 3194 verba
606 3123 786 3207 Theotisca
806 3128 894 3192 iuxta
916 3125 1041 3192 Gallica
1067 3126 1172 3210 posita
1193 3121 1307 3190 lecturi
1329 3143 1385 3189 au-

343 3241 449 3302 eurate
480 3233 514 3296 in
544 3225 626 3296 hauc
657 3230 872 3314 quaestionem
901 3228 1070 3314 inquirenti
1105 3223 1267 3292 commode
1289 3244 1384 3311 prae-

343 3335 473 3406 bentur,
495 3330 726 3403 similitudinem
740 3329 916 3398 Wulirarnu
938 3347 1006 3396 curn
1023 3326 1201 3396 Christiano
1225 3347 1290 3394 nun
1312 3331 1385 3396 ani·

343 3434 518 3504 maduertat
538 3421 638 3522 saepe
658 3432 859 3502 intercedere
882 3432 1056 3498 maximam.
1101 3428 1178 3496 Eam
1198 3449 1274 3500 uere
1298 3432 1386 3496 sirni-

342 3535 504 3605 litudiuenr
527 3535 568 3603 ad
591 3555 647 3606 eus
670 3549 945 3619 quoqueversus,
970 3531 1022 3616 qui
1042 3530 1146 3598 adbuc
1168 3531 1261 3618 dane
1277 3531 1385 3608 'l'bsu-v

343 3639 417 3707 tissi
438 3656 476 3707 as
495 3632 718 3706 Wellraruiani
736 3632 953 3708 habebantur,
975 3635 1134 3720 pertinere
1156 3632 1307 3705 duremur
1329 3631 1385 3702 llln

342 3737 431 3816 loco,
463 3757 524 3823 qun
556 3749 654 3826 poeta
681 3745 790 3804 nester
811 3734 952 3804 daven
983 3733 1192 3808 facetissimus
1215 3735 1385 3822 populures

343 3859 419 3908 suus
449 3839 611 3911 collaudat
637 3845 809 3929 prepterea
838 3835 922 3922 quod
955 3856 976 3904 a
1012 3834 1217 3908 vallensibus
1253 3834 1386 3906 stultitia

344 3949 577 4028 superarentur.
623 3938 663 4002 cl.
685 3933 818 4001 Ruchat.
842 3934 863 4001 l.
886 3937 906 4004 l.
931 3959 959 4025 p.
984 3939 1038 4006 82.
