2942 4690
336 331 376 396 to

332 497 483 564 nemantii
493 499 536 579 ⁵),
570 500 630 584 quir
656 509 688 564 et
713 498 847 566 consilio
874 506 906 562 et
927 517 962 562 re
986 495 1117 564 iuvabat
1140 490 1377 566 adulescentem

332 611 367 670 et·
378 611 538 687 tamquam
560 609 651 686 pater
667 601 794 668 ornabat
809 599 1053 684 orrudiebatquer
1075 600 1187 664 etenim
1202 610 1377 686 praecepta

300 759 303 764 .
331 701 428 772 multa
457 714 488 768 et
515 706 607 770 varia
636 701 677 768 ad
705 723 760 768 nes
786 702 940 769 humanas
963 703 1141 786 spectantia
1164 696 1271 769 iuueni
1293 722 1375 768 non·

331 804 402 870 dum
418 807 497 872 satis
513 805 610 892 polito
632 805 795 882 tradebat;
818 823 890 872 uam
915 801 1164 881 deiectionibus,
1186 823 1269 888 quae
1290 805 1376 889 prin-

331 906 403 990 cipi
424 907 550 991 cuique,
583 907 686 992 qualis
716 903 1039 975 formosus'Parzival
1060 904 1229 972 ridebatur
1250 904 1376 971 Gorne-
1456 985 1457 990 ἵ

330 1009 446 1074 maudo
470 1029 557 1086 esse,
579 1007 619 1072 ad
642 1027 774 1090 reguum
796 1009 959 1092 sapienter
981 1005 1260 1079 administrandum
1282 1005 1376 1072 adbi-

329 1107 455 1186 bendae
475 1119 600 1188 esseut,
621 1108 661 1174 de
673 1111 727 1176 uia
740 1128 835 1195 porro
852 1128 907 1186 ea,
931 1127 1011 1194 quae
1025 1107 1224 1201 adulescenti
1241 1109 1375 1174 maxime

329 1211 540 1294 ingredienda
569 1219 655 1276 esset
697 1219 730 1275 ut
761 1220 846 1276 recte
883 1221 1021 1278 uteretur
1052 1209 1229 1276 homiuibus
1262 1211 1376 1296 quibus
1456 1231 1457 1302 p

328 1316 501 1399 praecipue
518 1311 688 1397 rogitando
706 1311 880 1378 molestiam
900 1333 941 1378 ue
958 1321 1099 1389 crearet,
1122 1312 1161 1377 de
1184 1311 1297 1378 ciliciis
1321 1311 1375 1378 de-

328 1413 440 1500 nique,
463 1435 544 1501 quae
568 1412 749 1480 ordiniano
774 1435 887 1500 eques,
911 1415 1037 1482 feminis
1059 1415 1108 1480 vir
1130 1424 1293 1500 praestare
1318 1413 1376 1478 dess

329 1513 436 1597 beret,
461 1537 529 1581 eum
551 1513 754 1582 informabat.
800 1515 974 1586 Praeterea
994 1513 1034 1582 de
1058 1536 1096 1582 so
1116 1516 1181 1585 bac
1198 1517 1376 1582 remonitus

329 1627 376 1682 est
409 1618 491 1703 quod
520 1621 615 1694 armis
638 1637 705 1684 eum
729 1617 809 1684 bene
831 1621 875 1687 uti
899 1630 992 1706 atque
1024 1615 1128 1698 artefi)
1151 1635 1293 1704 pugnare
1318 1617 1374 1681 do-

328 1719 429 1786 cebat.
472 1721 576 1806 Atque
590 1719 635 1784 ita
647 1717 809 1804 Parmani,
829 1728 993 1804 postquam
1016 1719 1099 1804 apud
1118 1718 1375 1784 Gumemantium

328 1840 383 1906 per
413 1815 660 1906 quattuordecim
690 1819 759 1885 dies
784 1821 849 1886 uita
871 1824 1009 1908 equestri
1035 1817 1175 1884 excultus
1199 1828 1292 1906 atque
1317 1839 1374 1884 ex-

327 1921 443 2010 politus
467 1934 530 2002 est,
562 1932 807 2010 apraeceptore
828 1921 1005 1987 decedebat
1027 1931 1059 1984 ut
1083 1930 1167 1984 artes
1191 1920 1303 2006 quibus
1325 1922 1374 1986 in-

329 2027 449 2091 stitutus
473 2035 542 2091 enat
571 2025 612 2088 ad
636 2044 723 2088 usum
746 2025 827 2088 vitae
852 2015 1012 2086 conferret
1035 2019 1249 2107 gloriamque,
1279 2018 1387 2110 quam'
1456 2071 1457 2104 p

327 2125 476 2193 ardenter
498 2125 682 2214 adpetebat,
706 2131 960 2210 consequeretur.
1005 2120 1180 2189 Virtutibus
1203 2125 1262 2202 ita,
1288 2145 1369 2212 quae

329 2230 442 2314 equitis
454 2229 481 2310 ⁷)
499 2227 620 2316 quidem
644 2234 746 2305 eraut,
773 2223 828 2289 illo
851 2226 979 2289 iuvante
1003 2226 1172 2290 instructus
1199 2233 1275 2290 erat.
1312 2225 1370 2290 Ast

327 2331 353 2394 si
384 2332 582 2414 interrogas,
611 2332 691 2393 sitne
718 2327 779 2403 hoo
808 2323 900 2389 modo
934 2325 1027 2410 plane
1047 2329 1097 2392 uir
1118 2327 1219 2392 lactus
1241 2337 1271 2392 et
1296 2325 1369 2393 talis

327 2431 452 2516 quidem
466 2441 497 2495 ut
511 2429 727 2495 Gurnemantii
749 2435 920 2512 praecepta
940 2447 1004 2492 uon
1028 2427 1071 2492 ad
1092 2427 1238 2506 verbum,
1262 2449 1368 2516 quem-

327 2530 491 2602 admodum
528 2541 671 2612 materna
706 2540 831 2594 secutus
867 2537 951 2604 erat,
999 2530 1175 2596 etiamnunc
1209 2539 1368 2616 sequatur,

326 2634 382 2699 sed
412 2643 442 2698 ut
469 2633 642 2704 occasione
663 2631 773 2700 oblata
797 2629 979 2718 prudentius
1003 2634 1044 2696 iis
1069 2643 1099 2698 et
1121 2635 1153 2698 iu
1176 2631 1368 2698 commodum

326 2754 414 2799 suum
438 2719 481 2800 uti
504 2737 625 2820 possiti
656 2755 696 2799 en
719 2733 772 2798 tibi
797 2731 991 2820 respon-dec:
1022 2734 1146 2802 minime
1169 2735 1260 2798 vero!
1310 2734 1367 2801 Di-

326 2855 419 2918 gnum
437 2837 563 2922 quidem
587 2857 622 2902 se
647 2837 772 2902 omniuo
797 2835 945 2921 deinceps
967 2822 1140 2922 praebebat
1155 2833 1371 2904 Guruemantii

325 2938 410 3020 bona
437 2937 620 3024 disciplina,
653 2959 720 3004 cum
750 2939 861 3002 virtute
893 2949 923 3003 et
948 2934 1133 3019 frugalitate
1156 2956 1293 3002 annonem
1314 2959 1370 3004 re-

325 3041 420 3122 ginae
454 3041 613 3112 cuiusdam
650 3043 709 3105 sibi
740 3041 924 3106 conciliaret
953 3050 1046 3124 atque
1076 3040 1107 3106 iu
1139 3042 1368 3106 matrimonium
1456 3061 1457 3066 ¹

326 3141 439 3208 drrotae
461 3162 589 3226 regnum
614 3140 709 3207 rebus
732 3143 810 3210 benc
833 3147 933 3228 gestis
958 3139 1203 3224 adipisceretur3
1228 3151 1260 3205 at
1283 3153 1367 3229 post-

326 3263 432 3330 quam,
468 3255 498 3308 ut
535 3254 661 3310 matrem
697 3245 819 3312 uideret
848 3264 929 3311 neve
961 3243 1046 3306 vitae
1078 3241 1142 3306 otio
1174 3239 1366 3310 dornesticae

326 3449 527 3459 uuna—.-

348 3581 386 3646 5)-
400 3577 475 3632 l'arz.
494 3592 550 3648 cap.
572 3585 628 3642 162,
650 3597 673 3633 v.
693 3587 735 3634 23.
778 3579 836 3631 dem
856 3576 1017 3630 boubotman
1035 3575 1082 3628 der
1101 3574 1192 3629 wiron
1213 3576 1283 3632 znlut.

347 3690 378 3758 6)
397 3691 472 3749 l'arz.
492 3707 550 3760 cap.
573 3697 637 3756 175,
656 3710 679 3744 v.
698 3697 724 3748 6.
775 3707 805 3744 er
823 3695 891 3743 wart
909 3688 977 3744 ouclu
996 3688 1032 3744 sit
1053 3703 1087 3742 an
1105 3687 1260 3746 sinitensis.

347 3807 378 3875 7)
399 3805 475 3860 l'arz.
497 3821 554 3876 cap.
576 3814 640 3868 179,
660 3823 682 3860 u.
707 3813 744 3860 ¹3.
780 3805 884 3862 danueu
904 3801 989 3860 schint
1006 3819 1051 3857 sus
1072 3801 1205 3858 Parzivril.

787 3893 879 3942 rittors
899 3893 949 3944 sito
968 3888 1021 3942 und
1041 3891 1133 3942 ritters
1154 3887 1206 3941 mil

786 3972 829 4028 siu
847 3973 884 4044 lip
903 3977 949 4028 mit
968 3973 1063 4030 ziihten
1083 3976 1179 4028 iuorte.
