2942 4690
1107 359 1151 426 23

209 523 242 601 3)
262 531 369 607 poeta,
398 525 451 608 qui
482 523 642 604 mentitur,
674 521 731 596 tati
762 521 918 610 supplicio
942 523 1061 612 dignus
1091 539 1148 607 est,

107 620 203 706 quale
225 626 278 708 qui
298 623 472 692 honestatis
491 625 627 695 studiosi
649 634 722 692 sunt
743 625 773 692 ei
795 625 1028 710 imprecantur.¹

152 744 176 788 Α
206 724 240 806 4)
263 734 407 812 poetam,
440 726 493 812 qui
516 727 724 815 vituperanda
755 736 870 794 temere
898 739 1008 807 canat,
1046 728 1146 796 honri·

106 843 176 890 nem
200 845 273 892 csse
294 829 321 892 si
343 845 406 894 nou
427 827 608 915 inprobum,
642 839 674 896 at
698 826 807 896 saitem
830 829 991 897 insulsum.

207 939 265 1006 His
284 943 426 1030 partibus
446 944 574 1032 prologi
594 957 739 1033 quattuor
764 949 796 1012 in
826 951 1004 1014 universum
1024 946 1146 1013 descri-

102 1041 179 1126 ptis,
217 1043 258 1108 ad
289 1044 434 1128 singulos
463 1049 526 1113 inm
556 1067 666 1114 versus
698 1067 738 1112 ac
773 1047 873 1127 verba
908 1047 1145 1135 interpretanda

10 1217 11 1226 ἵ
102 1142 283 1226 accedimus
313 1156 344 1211 et
371 1147 415 1212 ita
445 1148 570 1233 quidem
600 1159 647 1227 ιιι,
682 1168 765 1235 quae
796 1167 920 1236 queque
942 1159 1033 1237 parta
1057 1149 1143 1214 diota

100 1245 177 1322 sint,
201 1264 239 1310 en
260 1246 377 1314 ordine
396 1248 597 1335 explicemus.

10 1433 11 1436 ,
200 1361 279 1428 Pars
306 1367 407 1452 prima
434 1366 649 1458 complectitur
678 1388 726 1434 vv.
757 1369 888 1434 8—10.
942 1385 1024 1432 ewen
1051 1365 1142 1430 simeo

10 1471 12 1518 Γ
99 1465 201 1545 [mont
226 1467 286 1532 otte
308 1466 374 1532 ordi
405 1473 461 1534 mit
482 1481 606 1534 werten
629 1489 673 1534 oto
696 1473 757 1533 doz
777 1473 893 1533 hoedste
912 1470 986 1549 jcpt
1008 1466 1141 1551 ‘siquis

99 1571 153 1643 (sc.
177 1578 287 1652 poete,
317 1568 400 1654 quod
418 1561 467 1634 'en
497 1567 758 1657 praecedentibus
784 1567 930 1634 uersibus
950 1565 1140 1649 intellegen-

98 1663 167 1730 dum
188 1671 249 1752 est)
276 1671 406 1734 amicum
435 1690 523 1736 suum
551 1673 584 1752 (i.
610 1689 635 1734 e.
657 1689 825 1754 personam
850 1665 1001 1756 p'oemetis
1023 1670 1139 1752 prima-

9 1771 11 1784 *
95 1770 174 1834 riam
191 1767 234 1848 15)
265 1767 414 1837 laudibus
451 1776 647 1840 continenter
677 1770 718 1836 ad
749 1771 869 1837 caelum
903 1767 1049 1845 entoiiit’,
1085 1772 1141 1834 der

8 1913 9 1918 ι
95 1874 136 1934 ist
160 1869 262 1952 prisea
293 1873 467 1954 ctedmdoip
496 1885 623 1956 oerzopt
659 1873 702 1935 ‘is
731 1891 838 1959 parom
869 1883 975 1958 sperat
1006 1871 1074 1934 iore
1108 1880 1139 1934 ut

94 1970 149 2036 aiii
176 1974 309 2037 amicum
332 1973 434 2058 ipsius
457 1971 639 2039 collaudent
660 1971 783 2038 itidem'
802 1971 853 2054 ¹⁶).

195 2091 273 2153 Pars
295 2089 398 2156 aitera
430 2093 569 2156 cumines
593 2111 641 2157 vv.
674 2089 823 2154 11-16.
867 2093 928 2162 im,
952 2109 1033 2154 aroer
1054 2091 1139 2154 dieite

8 2193 24 2280 ᾗ
92 2193 143 2272 top
171 2194 227 2255 mit
256 2189 388 2256 eodeheit
417 2202 484 2257 tuot
517 2195 565 2256 ‘ei
595 2201 716 2265 autem,
747 2193 800 2275 qui
830 2209 899 2256 cunr
920 2191 1054 2256 veritate
1077 2192 1135 2256 sed

7 2303 9 2384 ζ
92 2289 286 2378 frequentius
311 2293 423 2358 laudes
439 2293 571 2367 alicuius
591 2289 757 2369 cenchrae,
778 2309 874 2356 waere
890 2293 945 2355 der
959 2293 1136 2374 lioteooipe

7 2387 8 2466 ἶ
91 2404 167 2475 quot
203 2393 375 2461 ‘hominum
415 2393 610 2461 cottaudaoo
630 2391 673 2476 ¹⁷)
708 2402 783 2478 apta
822 2401 905 2455 esset
938 2409 977 2456 ac
1013 2391 1133 2474 grata’.

7 2563 9 2574 y
89 2513 183 2567 wan,
213 2515 299 2562 stooz
330 2517 363 2562 er
391 2501 523 2579 speichet
555 2499 631 2560 oder
659 2497 774 2578 sprceit
798 2500 845 2558 ‘at
867 2494 903 2572 (i.
923 2514 950 2560 e.
970 2492 1031 2558 hac
1051 2495 1132 2557 euim

90 2595 284 2676 deficiente),
306 2595 472 2682 nquidquid
506 2596 582 2662 dicit
612 2593 663 2662 vel
693 2594 796 2676 dinit’,
837 2597 891 2659 diu
920 2597 993 2659 rede
1025 2594 1133 2661 deiidet

88 2696 149 2762 dne
172 2701 252 2763 doeh
273 2701 390 2764 ‘oratio
424 2707 528 2763 manet
549 2697 618 2762 sine
643 2695 752 2762 tecto'.
796 2693 864 2761 Hac
887 2696 1032 2778 imagine·
1047 2691 1145 2782 qnae¹

86 2803 243 2865 sententia
266 2819 416 2884 expressa
438 2802 478 2864 sit
506 2807 538 2862 ut
569 2818 729 2879 eruamus,
757 2795 907 2862 memoria
927 2798 1020 2862 nobis
1039 2817 1133 2884 repe--

87 2899 200 2966 tendae
224 2910 295 2965 sunt
316 2919 413 2966 voces
440 2899 607 2966 technicae
635 2919 717 2985 quae
742 2898 888 2965 dicuntur
910 2917 984 2979 eae,
1014 2899 1128 2983 quibus

86 3001 265 3068 Germanici
288 3012 401 3087 poetae
425 3012 548 3067 veteres
578 3003 610 3067 in
634 3003 787 3089 poematis
809 3000 1027 3087 conponendis
1057 3012 1141 3068 ute-'

85 3103 215 3184 bantur3
238 3122 437 3190 quas-voces
461 3107 619 3196 recensuit
644 3101 777 3169 lacobus
800 3103 966 3168 Grimmius
987 3121 1060 3189 pag.
1077 3103 1121 3167 97

84 3372 130 3435 15)
150 3367 227 3423 Pare.
249 3381 307 3438 cap.
329 3368 393 3431 144,
413 3381 437 3420 ι.
456 3368 475 3422 t
494 3364 536 3420 ich
556 3363 599 3420 wii
619 3367 707 3420 ueterem
725 3368 811 3434 frium
827 3367 877 3426 ¹nuit
893 3371 981 3436 spotte
1000 3381 1081 3420 were.

82 3468 129 3536 ro)
149 3465 206 3522 iioc
235 3465 292 3520 iera
325 3465 402 3520 modo
428 3467 480 3518 iarn
507 3463 657 3520 Beueciius
683 3469 712 3520 iu
740 3463 895 3538 Wigaioisii
924 3463 1043 3517 editione
1073 3480 1122 3518 sua

118 3561 121 3567 '
148 3549 188 3617 (ι).
206 3551 272 3617 574)
292 3565 399 3604 versum
414 3549 565 3619 explicavit.

80 3649 127 3717 17)
148 3646 187 3699 (ii.
208 3645 228 3698 1.
247 3644 381 3700 Grimmii:
408 3646 535 3701 deutsche
555 3642 819 3700 rechtseitcrihiinrer
839 3661 864 3713 p.
882 3647 949 3709 864,
974 3643 1019 3698 not
1047 3645 1118 3698 inter

147 3732 217 3784 aiios
234 3731 325 3795 iocos,
344 3733 389 3786 nbi
409 3748 459 3786 vox
477 3734 553 3798 culpe
571 3730 624 3784 iroo
642 3730 794 3799 significatu
816 3733 949 3793 occurrit,
977 3731 1056 3782 etiam
1075 3727 1119 3781 iiic

144 3816 281 3869 adfertur:
323 3817 472 3868 ‘sententia
498 3831 549 3885 pen
579 3813 800 3884 approbationem
832 3820 858 3866 et
887 3815 1117 3875 collaudationem,

144 3911 302 3951 communitam
308 3936 317 3960 ,
337 3912 407 3967 qnae
424 3901 503 3966 colpe
523 3899 638 3964 dieitur,
656 3899 691 3952 ab
711 3899 833 3953 omnihus
852 3903 879 3954 ei
896 3897 1010 3967 singuiis
1031 3897 1116 3950 tiabi-

142 3983 199 4036 titu.
238 3981 365 4038 Treitser
383 3981 553 4036 ueiutiuiinter
571 3983 610 4050 (a.
631 3983 736 4052 1340)'.
