2942 4690
1094 325 1184 419 17¹

91 497 156 562 ieri
185 513 248 560 nou
269 495 369 580 possit
390 493 465 580 quin
486 491 638 580 inprobus
663 491 786 558 babeat
808 490 975 577 multisque
996 503 1132 560 vestrum

12 653 13 658 1
92 599 212 666 inrisus
235 595 361 673 uidear,
393 593 587 665 consuetudo
614 597 710 662 uestri
737 613 799 680 qua
820 594 983 679 indiguum
1004 615 1054 660 me
1073 595 1131 661 du-

12 709 13 720 *
92 719 158 768 cam
189 696 343 785 fugientio
369 698 442 764 mibi
467 708 522 762 est.
580 696 656 763 Cum
679 707 782 762 autom
804 694 949 781 gradalis
972 715 1068 773 arce,
1097 697 1137 762 iti·

12 867 13 874 ,
92 803 173 892 quod
203 805 237 868 in
270 800 403 866 consilio
433 808 499 876 est,
536 796 703 886 explorata
730 797 983 884 honoribusque,
1018 798 1131 884 quibus

92 914 200 971 exutus
223 917 305 980 sum,
327 900 525 989 recuperatis
549 898 609 964 bue
632 898 796 976 redierim,
826 899 927 966 denum
950 901 1131 981 honorifice,

92 1023 226 1092 quaeso,
243 1023 293 1069 mo
317 1001 510 1090 excipiatis!
543 999 583 1068 ci.
599 1019 668 1085 cup.
685 1002 767 1080 330,
789 1021 817 1068 u.
842 1005 872 1067 7.
896 1023 984 1090 sqq.v
1010 1003 1130 1082 Quibus

90 1103 284 1194 praecedunt
304 1106 494 1188 gravissima
516 1101 597 1168 baec
618 1099 714 1168 dicta,

91 1207 163 1294 (iap.
185 1209 258 1274 330.
342 1204 392 1270 sol
415 1205 467 1272 iob
489 1204 588 1272 dureb
608 1207 707 1272 minor
732 1203 804 1271 zubt
827 1205 923 1290 gobot

340 1307 447 1374 boeren
472 1329 515 1374 uu
538 1307 597 1375 tier
620 1307 728 1377 nerito
749 1317 829 1394 spot,

338 1412 374 1474 sb
394 1429 461 1476 mac
481 1412 531 1476 siu
552 1412 643 1476 uniter
665 1408 731 1474 uibt
753 1409 803 1473 siu
824 1427 925 1492 ganz:

340 1512 398 1575 mir
424 1514 484 1577 riet
505 1510 563 1576 der
584 1510 690 1579 ucrde
712 1510 913 1574 Guruamauz
1011 1533 1015 1542 ¹

264 1613 294 1676 5.
341 1612 400 1678 daz
420 1613 471 1679 icb
491 1613 686 1680 vravebtcbo
704 1613 805 1696 urigo
827 1614 902 1678 mite

340 1715 403 1778 und
425 1716 533 1782 immor
554 1718 629 1800 goin
648 1716 789 1798 uniuoge
811 1716 908 1782 strite.
969 1743 970 1746 ¹

192 1827 238 1893 Ex
259 1828 372 1913 quibus
389 1833 538 1914 emergit,
560 1831 716 1915 quomodo
732 1827 880 1893 Parzival
903 1827 943 1892 de
959 1829 1023 1892 rita
1039 1845 1134 1912 proe-

89 1929 198 2007 teritu,
228 1931 370 2014 inprimis
394 1941 496 1997 autem
525 1929 564 1998 de
588 1929 809 1997 Guruemoutio
840 1933 971 2016 eiusque
1001 1949 1135 2015 praece-

91 2030 151 2118 ptis
171 2033 290 2097 sentire
320 2036 476 2122 coeperit3
506 2035 620 2098 etenim
640 2043 702 2098 tum
725 2033 846 2098 demum
867 2029 1008 2097 Guudria
1035 2033 1134 2098 inter-

91 2131 220 2198 cedente
242 2143 412 2218 propterea
434 2135 517 2220 quod
540 2134 729 2200 urbanitatis
752 2132 879 2217 legibus
902 2134 1137 2200 aGnrnemauq
1219 2132 1221 2137 '

12 2273 14 2284 ν
92 2233 135 2298 tio
159 2233 222 2297 sibi
242 2235 387 2319 inpositis
410 2273 452 2284 —
474 2255 557 2323 quae
579 2238 611 2300 iu
634 2233 779 2319 gradalis
803 2251 877 2299 arce
899 2235 1134 2317 iuterrogaturo

12 2349 13 2352 ’
90 2333 136 2414 (id
169 2333 252 2418 quod
290 2339 509 2422 cognovimus)
547 2333 704 2402 silentium
737 2347 851 2403 tautum
882 2355 946 2401 uon
978 2337 1137 2424 imperare

90 2433 279 2501 videbantur
306 2473 346 2488 -·
378 2437 560 2522 diligentius
589 2434 870 2525 obtemperavisset
897 2440 1021 2521 regiam
1046 2448 1136 2525 pote·

91 2547 201 2604 statem
222 2559 325 2624 paene
349 2541 411 2604 iam
435 2541 498 2604 sibi
522 2539 680 2605 adsertam
706 2540 851 2604 amisisse
870 2558 906 2603 se
929 2549 959 2604 et
981 2543 1014 2605 in
1038 2539 1138 2606 dedc-

92 2659 147 2705 cus
177 2643 353 2708 incurrisse
382 2639 470 2705 clare
506 2644 688 2728 perspexit:
734 2638 813 2705 Soio
841 2648 943 2710 autem
973 2639 1135 2707 Gundriac

92 2741 279 2822 maledicta,
308 2761 391 2819 cum,
420 2743 541 2808 etiamsi
573 2741 726 2826 dignitate
749 2761 808 2806 sue
831 2743 872 2806 iis
895 2740 1049 2827 spobatus
1074 2762 1137 2807 nou

92 2853 194 2921 esset,
217 2845 435 2918 infortunium,
462 2843 544 2928 qnod
567 2844 628 2909 sibi
652 2852 815 2930 parasset,
845 2841 965 2930 liquido
989 2842 1138 2910 declara·
1227 2913 1231 2924 ,

92 2956 162 3012 rent
197 2944 264 3012 beri
300 2965 363 3010 uon
401 2953 521 3030 poterat
551 2949 625 3032 quin
655 2966 712 3032 pro
740 2943 842 3010 iructn
868 2946 1139 3032 obtemperantiue

91 3067 173 3113 suae
194 3045 330 3112 baberet
360 3045 577 3112 acerbissimo.
628 3047 707 3114 Dum
730 3063 807 3112 vcro
829 3045 922 3123 (talia
942 3050 1040 3124 euim,
1068 3051 1138 3135 opi-

90 3168 168 3225 nor,
204 3158 276 3214 tunc
313 3150 417 3215 animo
449 3146 625 3230 volutabat)
656 3165 786 3234 prorsus
820 3165 883 3212 non
914 3145 1034 3214 dubitat
1065 3153 1139 3237 quin

92 3251 187 3323 deos,
210 3251 259 3315 oui
283 3269 302 3314 a
326 3269 423 3336 puero
446 3249 536 3314 fidem
559 3247 722 3328 babuerit,
744 3251 777 3314 in
800 3267 995 3337 quacumque
1016 3271 1051 3318 re
1067 3273 1140 3339 per-

91 3348 233 3416 ficienda
254 3349 315 3416 sibi
337 3370 426 3436 opem
441 3348 561 3416 loturus
583 3353 639 3430 sit,
664 3351 732 3417 dnm
750 3353 841 3416 amici
857 3354 992 3418 senioris
1009 3355 1139 3440 eiusque
1212 3415 1213 3418 ,

93 3473 199 3519 rerum
229 3453 432 3538 peritissimi,
464 3451 587 3537 qualem
614 3451 790 3534 babuerat,
821 3455 1034 3519 auctoritatem
1063 3475 1141 3521 cou-

92 3555 231 3638 siliaqne
252 3551 436 3641 simpliciter
455 3554 610 3639 sequitur,
639 3553 834 3620 fortunarum
858 3555 1067 3620 secundarum
1092 3555 1143 3622 di-

92 3656 287 3743 gnitatisque
303 3657 457 3722 iacturam
473 3656 600 3722 iecerat.
645 3653 755 3740 ltaque
774 3655 859 3722 baud
881 3658 948 3722 scio
970 3675 1010 3721 an
1025 3677 1142 3744 pocca-

91 3758 180 3824 uisse
210 3776 246 3822 se
276 3757 432 3842 putaverit
465 3774 503 3820 eo
527 3764 661 3834 tantum,
690 3759 775 3845 qnod
804 3743 887 3825 iusto
911 3759 1060 3825 minorem
1083 3779 1143 3847 po-

91 3860 212 3924 suisset
232 3857 377 3924 bduciam
398 3859 432 3922 in
464 3865 562 3922 semet
591 3860 676 3944 ipso;
713 3861 797 3947 quod
826 3862 1042 3940 ratiocinium,
1080 3880 1142 3947 quo

92 3961 277 4028 accuratius
301 3959 342 4026 ab
366 3961 437 4045 ipso
461 3957 619 4038 inibatur,
653 3981 692 4028 eo
716 3964 867 4030 maiorem
899 3963 995 4030 animi
1018 3973 1143 4052 pertur-
