2942 4690
1098 353 1140 418 19

93 529 179 596 sant,
201 521 408 606 praesertim,
430 518 458 585 si
481 537 573 605 quam
595 520 743 588 laminam
765 524 955 606 generosam
978 523 1012 588 in
1034 523 1138 592 oculis

95 618 181 706 geris
203 633 233 687 ct
253 622 370 700 comta
392 621 460 687 eins
481 641 600 688 amore·
613 625 712 689 virtus
735 634 790 690 tua
808 623 941 690 incensa
955 645 994 692 ao
1016 623 1138 693 firmata

95 743 238 790 securam
268 733 298 790 te
330 734 468 810 praestet
498 723 545 790 ab
574 724 719 793 hostibus
749 737 782 792 at
810 725 862 792 dei
895 745 994 814 opera
1024 745 1159 796 carere·

52 899 60 912 ,
94 825 222 912 possis'.
258 825 306 892 ct.
330 847 357 890 v.
381 825 510 891 0-14
533 836 564 893 et
585 839 654 914 cap.
674 829 755 905 370,
776 829 924 925 v.·18xet
947 831 999 896 19.
1024 852 1026 860 ’

160 993 163 998 .
198 925 254 992 His
275 927 383 996 vorbis
407 938 572 1014 postquam
594 929 759 1008 Parzival,
783 949 873 1015 qaam
895 930 935 998 dc
960 930 1020 998 deo
1044 952 1135 1018 pror-

93 1049 153 1095 sas.
170 1028 361 1115 desperasse
381 1031 561 1116 inpiumque
593 1031 709 1096 lactum
724 1045 807 1096 essa
824 1035 1047 1116 cognovimus,
1069 1034 1136 1100 Ga*

93 1150 210 1196 uanum
235 1129 344 1197 volero
367 1132 474 1209 iussit,
498 1151 580 1216 equo
601 1143 708 1198 vectas
730 1135 791 1199 iter
809 1135 948 1219 suscepit
966 1133 1136 1219 gradalem

95 1231 204 1300 denuo·
228 1243 261 1300 ut
288 1235 450 1319 reperiret.
512 1232 671 1300 Gundriac
710 1237 807 1319 igitur
845 1233 936 1302 dicta‘
957 1236 1136 1304 Par-rivalis

94 1339 227 1402 animum
275 1335 466 1404 dubitantem
504 1334 646 1402 diversas
687 1337 723 1401 in
767 1347 874 1422 partes
913 1335 1136 1406 distraxerant

92 1437 150 1504 llis
176 1439 257 1504 enirn
279 1435 374 1504 dictis
397 1457 461 1504 aon
485 1438 587 1504 comm
605 1436 748 1523 inpulsus
772 1449 840 1506 erat
861 1450 895 1506 ut
915 1441 1023 1506 Artaui
1046 1442 1136 1526 equi-

10 1545 11 1550 ’
91 1551 154 1606 tum
174 1543 358 1606 societatem
378 1542 505 1606 missam
528 1539 652 1606 laceret
673 1549 766 1624 atquc
789 1537 1018 1624 and-gradalem
1039 1543 1135 1610 adse-

95 1641 251 1726 quendum
280 1660 354 1707 sese
389 1644 503 1708 iterum
533 1641 717 1724 accingeret
750 1642 827 1726 (qua
858 1641 982 1728 quidem
1013 1647 1138 1712 ratione

93 1742 158 1808 lato
189 1741 353 1829 placuerat
373 1754 412 1836 ¹ut
441 1745 546 1827 magis
575 1761 645 1808 curn
675 1741 736 1808 deo
767 1746 1047 1830 coniungeretor),
1081 1743 1137 1812 sed

10 1845 11 1848 ’
94 1847 187 1911 etiam
209 1863 246 1910 oo
270 1845 380 1910 ductas
405 1854 475 1909 erat·
500 1854 531 1908 ut
553 1846 624 1908 acie
647 1847 757 1910 mentis
778 1846 843 1911 iam
863 1850 966 1928 magis
988 1857 1083 1916 acala
1105 1851 1139 1916 in

94 1965 174 2034 qaas
204 1945 400 2012 calamitates
424 1944 589 2012 incidisset
619 1941 739 2012 clarius
770 1945 979 2030 intellegeret.
1029 1949 1139 2017 Mani·

94 2049 205 2114 lostam
228 2049 308 2116 enim
333 2039 468 2116 eihand
495 2045 589 2114 dubie
612 2055 682 2113 erat
702 2048 798 2141 tantis
814 2049 846 2120 in
861 2049 954 2120 malis
969 2059 1140 2138 propterea

95 2171 131 2218 se
157 2137 228 2217 esse
257 2149 340 2237 quod
373 2147 446 2216 inde
481 2167 502 2213 a
533 2143 643 2234 puero
667 2151 867 2216 continenter
896 2170 964 2219 cum
995 2151 1045 2220 dei
1076 2165 1138 2221 tum

92 2252 250 2318 bominum
271 2252 406 2317 consilia
434 2252 515 2316 iusto
540 2251 646 2333 magis
671 2250 873 2335 strictiusque
896 2262 1021 2320 uocatus
1043 2267 1138 2322 esset.

10 2397 11 2400 =
92 2353 202 2440 ltaque
226 2373 296 2419 eum
323 2372 432 2418 arroso
457 2361 579 2437 captum
604 2349 778 2428 staden,
809 2353 861 2436 qai
884 2352 972 2420 solus
995 2354 1038 2438 ad
1063 2375 1136 2440 gra-

10 2509 11 2516 ,
95 2455 178 2521 dalis
206 2463 320 2520 aroem'
339 2473 406 2520 eum
434 2454 589 2520 reducere
621 2461 761 2539 potarat,
800 2452 936 2522 deicere
970 2467 1006 2522 et
1031 2457 1139 2528 divina

94 2557 260 2624 clementio
276 2556 425 2640 neglecta
440 2575 528 2621 soum
550 2558 648 2641 ipsius
665 2557 799 2622 animum
817 2557 975 2643 animique
990 2559 1140 2628 adlectus

93 2658 140 2738 (id
162 2658 245 2746 quod
269 2666 355 2744 patet
379 2677 418 2724 ex
441 2659 498 2734 iis,
524 2676 606 2742 quae
629 2659 698 2744 ipse
720 2656 860 2725 Gawano
886 2657 1028 2742 dirimat,-
1056 2683 1139 2749 quae

10 2789 12 2796 ·
93 2759 320 2848 snpraadlata
341 2765 428 2842 sunt)
458 2758 569 2832 colere
591 2770 686 2845 atque
710 2761 758 2825 sic
782 2763 992 2826 constantiam
1014 2764 1140 2847 quidem

94 2861 268 2950 quandam,
294 2860 351 2926 sed
379 2858 592 2926 miserabilem
616 2879 685 2926 eam
709 2871 739 2926 et
758 2860 914 2928 abiectam
935 2861 997 2927 sibi
1020 2882 1140 2951 conpa-

93 2984 167 3032 rare
186 2963 338 3030 videmus.
383 2957 550 3029 Parzivale
575 2963 718 3049 prolecto
745 2963 1049 3050 Garamas-quoqne
1072 2985 1141 3032 cum

93 3067 211 3134 abitum
238 3072 401 3152 parasset,
426 3063 467 3130 ab
494 3064 602 3131 Artori
635 3065 712 3130 aula
742 3074 774 3130 ut
798 3063 884 3130 illius
906 3063 1005 3133 alieni
1027 3071 1141 3152 equitis

70 3169 312 3256 'provocationi
336 3167 536 3234 satisfaceret
559 3165 716 3234 discessit.
837 3211 840 3216 .

197 3269 254 3335 llis
272 3268 369 3336 rebus
385 3268 524 3336 narratis
545 3265 767 3342 liberamus,
792 3266 902 3351 paucis
924 3264 1027 3334 adbuc
1047 3265 1142 3334 rebus

93 3370 226 3444 levioris
248 3372 392 3438 momenti
417 3369 569 3446 adiectis,
597 3367 712 3434 linitur.
758 3366 908 3452 Triginta
939 3366 1052 3436 deinde
1079 3367 1143 3435 illis

94 3473 259 3552 versibus,
282 3462 345 3559 ‘qui
375 3481 471 3558 sujira
492 3470 689 3556 transscripti
720 3480 806 3546 sunt,
838 3467 880 3534 ad
905 3471 1066 3554 septimum
1090 3470 1143 3534 de-

95 3576 238 3644 ducimur
264 3575 395 3651 librum‚
434 3593 494 3660 quo
525 3576 606 3641 sicut
640 3583 751 3640 octavo
779 3591 877 3658 propa
906 3569 986 3636 nibil
1013 3571 1074 3636 nisi
1104 3590 1145 3636 aa

95 3697 180 3764 quae
202 3677 341 3744 Gawano
370 3679 403 3742 in
435 3679 549 3742 itinere
580 3675 789 3754 accidebant,
818 3673 938 3760 prolixe
965 3680 1144 3739 narrantur.

95 3779 274 3846 Parzivalis
304 3779 338 3842 in
361 3777 422 3844 bac
444 3781 599 3865 poematis
629 3787 719 3866 parte
743 3776 846 3844 obiter
867 3785 985 3843 tantum
1002 3773 1035 3838 tit
1057 3793 1144 3840 meu-

92 3884 156 3960 tio;
189 3878 260 3967 plus
284 3882 368 3946 enim
398 3879 448 3946 bis
478 3879 563 3948 mille
587 3881 779 3965 octingentis
800 3877 947 3946 versibus
968 3885 1145 3964 poeta-no-

95 3992 161 4058 ster
184 3981 223 4050 de
247 4001 285 4050 co
310 3982 360 4050 bis
384 3991 503 4048 tantum
533 3982 787 4052 conmamoraait
832 3979 944 4048 Altero
968 3981 1051 4048 enim
1073 3978 1145 4046 loco

889 4084 911 4149 2
925 4084 940 4116 ss
