2942 4690
1104 359 1146 432 tt

108 526 139 592 in
158 544 244 594 nsum
268 529 422 616 receptis,
451 532 493 596 uti
517 527 662 596 solebant
691 533 831 596 cenaturi
855 530 928 598 lotis
945 530 991 617 ⁴⁰)
1012 555 1053 582 -’
1077 535 1149 622 posl

110 645 217 695 cenem
245 651 443 718 nequaquam
472 651 549 720 opus
570 631 669 698 inisse
691 628 853 709 lavarent,
882 633 1034 702 deridens
1055 635 1150 716 dicit}

108 731 228 798 etiamsi
257 735 355 818 igitur
382 734 489 802 inlotis
512 735 577 800 suis
607 732 752 800 manibus
780 743 854 821 post
884 749 997 802 cenam·
1026 739 1148 816 oculos,

1 841 2 894 1
107 831 261 902 fricando·
276 837 432 915 fortasse,
453 837 646 919 tetigissent,
666 835 873 902 oculi'tamen
892 837 989 904 nullis
1007 841 1149 926 prolecto

1 917 2 1000 ἶ
108 953 250 1001 manuum
273 938 421 1005 sordibus
441 941 616 1024 potuissent
637 936 733 1004 laedi.
777 937 870 1003 Victo
890 937 946 1005 illo
966 943 1152 1010 tenuissimo

1 1111 2 1118 ἵ
107 1033 168 1100 boo
197 1036 289 1104 modo
316 1041 421 1108 laceto
450 1040 562 1116 illuso,
601 1049 712 1124 quarto
748 1059 843 1105 uersu
876 1040 992 1108 deinde
1020 1046 1148 1130 piscium

1 1127 2 1196 l
108 1141 223 1206 mentio
253 1143 396 1220 inicitur,
432 1161 515 1228 quae
546 1142 646 1228 primo
686 1137 840 1227 adspectu
869 1158 936 1208 cum
971 1146 1029 1222 iis,
1066 1167 1151 1232 quae

1 1231 2 1260 ³
107 1239 205 1307 tribus
226 1244 371 1310 venustius
392 1242 552 1331 prioribus
574 1242 658 1310 dicta
683 1252 768 1319 sunt,
789 1242 965 1310 cobaerere
983 1249 1037 1312 vix
1058 1249 1150 1314 vide-

108 1352 164 1407 tur.
220 1345 303 1424 Quid
326 1347 406 1412 eobo
429 1347 529 1414 voluit
559 1355 668 1432 poeta,
699 1363 900 1413 commanus
922 1350 1013 1433 pisce
1037 1361 1149 1416 auctas

1 1525 2 1530 ἵ
108 1443 203 1530 vulgo
226 1446 337 1515 haberi
363 1447 466 1516 oculis
490 1450 601 1515 noxias
626 1447 787 1514 addebat?
822 1447 878 1514 Vel
901 1449 1026 1534 quade
1048 1469 1148 1518 cansa

1 1557 2 1586 l
107 1549 239 1614 maxime
267 1553 371 1636 pisces
406 1553 580 1618 memorati
620 1549 718 1616 Haud
751 1549 863 1628 dubie,
903 1554 979 1638 quia
1015 1555 1150 1640 piscium

109 1647 271 1717 obsonium
290 1653 451 1721 radicibus
475 1653 539 1720 illis
561 1652 731 1739 herbisque
751 1650 850 1727 voluit
869 1671 1040 1740 opponere.
1079 1655 1153 1735 Qua

109 1757 307 1838 oppositione
331 1757 417 1823 iacta
445 1777 547 1843 neque
573 1755 650 1821 illud
683 1756 849 1822 obscurum
871 1755 1012 1834 uidetur,
1043 1759 1151 1845 pisces

17 1943 20 1951 Δ
108 1859 232 1942 proprie
254 1858 336 1925 losio
357 1858 414 1926 illo
438 1859 489 1925 die
510 1860 553 1923 ‘iis
579 1856 722 1924 edendos
746 1859 846 1924 luisse
869 1857 1058 1926 submonere
1081 1881 1156 1928 cunm

107 1959 265 2035 voluisse3
288 1961 359 2026 aliis
381 1962 461 2028 euim
484 1958 650 2036 carnibus,
675 1979 758 2046 quae
781 1959 823 2025 ad
848 1961 1018 2046 quamlibet
1041 1981 1151 2030 cenam

108 2059 290 2128 soliemnem
324 2066 444 2150 requiri
474 2062 594 2141 solent,
628 2063 718 2128 vesci
757 2059 814 2130 illo
844 2059 897 2128 dio
928 2083 991 2128 nou
1021 2063 1151 2143 licebat,

109 2164 161 2248 qui
185 2162 255 2230 dies
276 2165 329 2231 uel
348 2175 514 2252 propteroa
532 2164 606 2250 quia
628 2164 710 2230 feria
728 2175 818 2230 senta
841 2173 924 2247 orat,
951 2166 1150 2244 scurribus,

1 2277 2 2308 ³
110 2276 239 2354 excepto
261 2270 392 2355 piscium
415 2266 566 2348 obscurio,
591 2266 778 2352 iniungebat
796 2269 835 2334 iis
860 2267 1089 2334 abstinentiam.

1 2461 2 2470 ἵ
210 2385 329 2453 Poetae
348 2376 544 2452 'sententiam
578 2396 743 2472 postquam
778 2385 839 2452 hoo
870 2387 963 2454 modo
991 2387 1151 2474 explicare

1 2477 2 2518 ³
110 2487 300 2568 studuimus,
337 2485 377 2553 de
409 2489 559 2574 opinione
591 2507 714 2574 quoque
745 2507 800 2571 ea,
832 2510 914 2575 quae
950 2485 989 2554 de
1019 2492 1152 2577 piscium

109 2593 207 2656 noxia
242 2588 300 2656 illa
329 2587 472 2666 extabat,
509 2606 612 2675 pauca
648 2588 788 2653 dieamus
825 2601 1029 2682 quaerentes,
1067 2592 1151 2661 unde

110 2694 224 2760 iactum
254 2695 308 2774 sit,
339 2701 372 2758 ut
401 2710 510 2782 manus
541 2690 627 2776 pisce
654 2689 793 2777 pollutae
814 2689 916 2758 oculis
940 2697 1055 2761 noxiae
1079 2715 1151 2762 esse

109 2805 301 2882 putarentur.
345 2793 430 2858 Pisci
452 2802 538 2858 meno
562 2809 602 2858 ac
626 2790 762 2858 nondum
784 2802 875 2860 cocto
898 2797 1043 2860 nocivam
1065 2795 1152 2863 illam

110 2909 254 2966 naturam
275 2893 370 2962 tribui
392 2882 531 2981 potuisse
555 2895 624 2959 veri
646 2892 747 2959 simile
768 2911 832 2958 non
852 2892 984 2961 uidetur.
1028 2895 1053 2960 E
1075 2917 1154 2966 cou-

110 3005 209 3068 trario
232 3001 312 3066 enim
337 2999 398 3063 iam
421 2999 454 3061 in
476 2993 541 3060 LL.
564 2991 623 3060 SS.
646 3005 809 3076 narratumx
829 2999 997 3082 reperitur,
1020 3002 1153 3086 piscium

110 3113 230 3190 partem
259 3099 414 3188 aliquam,
453 3093 498 3162 iel
525 3097 692 3174 videlicut,
732 3096 889 3163 salubrem
920 3101 1023 3185 potius
1053 3104 1154 3169 oculis

111 3225 183 3272 osse
203 3204 322 3286 aegris.
368 3199 473 3266 Locus
495 3209 544 3266 est
562 3202 593 3265 in
616 3199 740 3266 Tobiae
761 3199 815 3266 lib.
836 3218 907 3287 cap:
923 3199 981 3278 Vl,
1000 3218 1030 3268 v.
1050 3205 1073 3266 7
1085 3223 1153 3290 sqq.

111 3307 328 3389 Interroqooit
367 3303 481 3368 Tobios
516 3305 669 3385 Ampelum
702 3313 730 3370 ot
761 3305 843 3370 dicit
877 3307 921 3370 oi:
958 3303 1094 3371 xObsecro
1127 3317 1155 3372 tc

111 3407 233 3474 Azanio
250 3411 370 3492 frater,
399 3415 435 3472 ut
460 3406 546 3470 dicos
570 3407 664 3478 mibi,
700 3409 786 3490 quod
808 3407 978 3472 remedium
999 3408 1156 3474 laubabunt

89 3516 195 3584 'istm
229 3529 314 3594 quoe
351 3511 387 3574 de
422 3512 505 3592 picco
539 3523 667 3574 seruare
697 3511 840 3574 iussisti?
891 3507 932 3574 lit
962 3511 1154 3591 respondens

111 3614 268 3696 Aoqolus,
291 3615 372 3680 dimit
394 3616 439 3678 ci:
472 3609 582 3678 Gordia
606 3647 648 3659 -
675 3633 735 3686 -;
757 3621 786 3677 et
806 3611 849 3696 sel
869 3611 953 3677 uolet
971 3613 1014 3677 od
1033 3631 1155 3694 unqen-

120 3804 327 3816 -u—n-—-

109 3933 162 4003 4ο)
180 3931 221 3984 Gi.
246 3945 315 4002 quae
333 3928 484 3984 Diotriolrus
510 3933 537 3983 ln
556 3929 716 4000 llauptianis
743 3929 957 4000 ephemeridibus
984 3929 1062 4001 (tom.
1081 3936 1107 3989 3.
1127 3947 1155 4002 p.

179 4017 245 4084 389)
264 4016 296 4070 do
315 4029 436 4070 manuum
455 4021 518 4070 anta
539 4029 629 4069 oenum
644 4015 783 4071 ,lavatione
801 4015 958 4085 disputarit.
