2942 4690
337 330 378 401 12

335 502 389 570 bat
412 500 593 570 miraculum
613 503 712 589 (quod
735 520 845 570 omnes
869 508 920 590 qui
945 507 1078 574 aderant
1100 527 1138 572 en
1154 505 1280 590 gradali
1306 529 1380 574 scu-

334 605 410 672 tella
440 605 561 672 cibaria
592 625 673 690 quae
706 609 839 692 quisque
864 611 1032 694 cupiosset
1061 608 1287 694 accipiebant),
1319 611 1377 676 sed
1455 689 1456 706 χ

333 708 394 774 bae
423 727 474 772 res
504 707 585 791 quid·
609 708 674 772 sibi
702 707 819 772 vellent
841 729 878 774 ex
901 711 1022 799 hospite
1043 731 1100 777 suo
1123 715 1292 796 exquirere
1316 715 1379 778 sibi
1455 723 1456 764 i

332 827 396 874 non
422 805 619 874 concedebat
642 827 719 894 prae
745 813 871 888 timore,
905 831 945 876 ne
968 813 1060 878 borno
1083 813 1257 880 inurbanus
1279 814 1379 881 habe·
1455 809 1456 824 ³

332 909 444 976 retar.'
497 907 588 988 Quae
619 913 737 988 verba,
768 913 886 997 quibus·
912 914 1077 980 Wolframi
1109 915 1193 979 dicta
1223 935 1286 982 non
1316 919 1379 982 nisi

332 1013 433 1078 insius
463 1010 588 1078 reddita
612 1024 700 1090 sunt,
725 1013 897 1080 Parzivalis
918 1016 1135 1101 cupiditatem,
1167 1018 1295 1104 opinor,
1324 1037 1378 1082 ro-

335 1114 435 1200 gandi
463 1119 542 1180 satis
570 1114 759 1198 significant.
817 1117 895 1182 llam
926 1137 993 1184 cum
1018 1137 1081 1186 non
1105 1118 1294 1184 concederet
1315 1119 1378 1183 sibi

334 1237 471 1302 rogare,
493 1217 560 1282 lieri
582 1235 645 1282 non
668 1218 767 1302 potuit
790 1222 863 1304 quin
887 1222 1039 1306 cupiverit
1052 1239 1178 1305 rogare.
1220 1219 1379 1305 Rogasset

332 1321 446 1402 igitur,
476 1317 775 1384 nisiGuruemantii
806 1332 1045 1408 praeceptorum
1075 1332 1169 1407 atque
1191 1323 1378 1388 urbanitatis

332 1423 396 1499 (cui
431 1419 587 1486 uocabulo
620 1419 752 1484 eandem
780 1426 842 1488 uim
871 1444 964 1510 quarn
986 1424 1055 1489 voci
1083 1423 1279 1492 Theotiscae
1304 1430 1378 1490 subt

329 1523 434 1588 inesse
455 1525 637 1608 posuimus)·
654 1521 759 1605 legum
781 1534 841 1588 turn
855 1524 1040 1590 recordatus
1060 1537 1153 1591 esset.
1199 1526 1289 1605 Qtrae
1306 1529 1376 1591 eius

330 1627 471 1708 cogitata
501 1635 564 1690 tres
600 1625 830 1711 subsequentes
867 1647 977 1693 versus
1006 1628 1066 1694 hoc
1096 1626 1189 1694 modo
1217 1627 1375 1694 exhibent.

329 1725 582 1792 ‘Gornemantius
604 1746 672 1792 cum
697 1747 813 1812 magna
834 1747 893 1815 sula
916 1739 1010 1814 atque
1027 1731 1208 1813 incorrupta
1221 1728 1282 1791 fide
1299 1728 1374 1793 mibi

328 1831 445 1905 suasit,
467 1848 507 1893 ne
522 1829 690 1913 rogitando
706 1830 849 1896 homines
865 1827 1094 1897 obtenderem.·'
1127 1829 1255 1894 Minime
1271 1839 1375 1894 auteur

328 1950 512 2016 persuasum
543 1933 571 1996 ei
604 1943 652 1998 est
679 1954 715 1998 se
734 1943 824 2006 recte,
843 1953 955 2014 agere,
981 1935 1008 1996 si
1034 1931 1248 1994 Guruemantii
1275 1929 1373 1994 disci-

328 2031 435 2119 plinae
465 2031 637 2097 obsecutus
667 2033 791 2097 silentio
822 2042 940 2108 utatur;
976 2031 1149 2114 aseptiroo
1174 2034 1255 2096 eninr
1277 2023 1373 2098 uersu

328 2133 501 2210 silentium,
524 2137 555 2201 ni
580 2133 693 2212 fallor,
717 2131 945 2218 quodammodo
970 2141 1115 2208 excusat,
1140 2136 1230 2216 quasi
1246 2133 1371 2214 dubitet,

313 2238 368 2301 'an
401 2236 525 2302 silendo
557 2237 680 2322 culpam
714 2237 889 2302 committat.
941 2229 1051 2309 ‘Quid
1084 2234 1110 2296 si
1143 2235 1175 2298 in
1206 2235 1266 2300 bac
1296 2255 1372 2300 arce

326 2338 443 2403 tamdiu
477 2339 640 2415 morabor,
679 2337 826 2424 quamdiu
859 2330 1068 2400 conmoratus·
1086 2355 1155 2400 sum
1185 2335 1267 2421 apud
1289 2335 1369 2400 Gur-

327 2442 539 2505 nemantiumi
578 2438 660 2525 quod
692 2440 720 2502 si
758 2441 913 2513 evenerit,
950 2435 1194 2502 castellanorum
1225 2435 1369 2502 condicio

328 2543 513 2628 omniaque,
536 2560 617 2628 quae
639 2540 691 2606 bic
712 2539 775 2605 loci
798 2541 851 2624 agi
865 2537 1028 2615 videbam,
1050 2538 1123 2602 milri
1139 2536 1242 2604 silenti
1259 2548 1370 2624 sponte

327 2643 416 2710 clara
438 2642 536 2710 lient'

428 2744 623 2830 Quamquam
651 2743 748 2828 igitur
774 2740 928 2828 cupiditas
956 2739 1093 2826 rogandi
1124 2749 1269 2807 conmota
1295 2759 1369 2805 esse

326 2846 507 2925 videbatur,
537 2865 685 2934 repressa
707 2855 812 2911 tamen
834 2855 882 2912 est
904 2855 1031 2931 propter
1052 2841 1265 2910 Gurnemantii
1291 2861 1369 2908 con·

326 2947 429 3014 silium
451 2947 548 3028 illud,
582 2953 631 3014 cui
652 2945 815 3029 Parziual,
849 2967 940 3033 quem
964 2963 1003 3009 cx
1025 2945 1083 3008 bac
1106 2949 1178 3030 ipsa
1198 2963 1233 3008 rc
1256 2946 1367 3008 ctiam-

324 3070 407 3116 uuuc
428 3049 563 3116 nondum
583 3071 640 3117 suo
663 3049 781 3116 iudicio
804 3061 889 3114 stare
912 3047 1062 3132 adparet,
1086 3065 1125 3111 ex
1138 3046 1294 3132 probitate
1310 3064 1369 3112 sna

325 3161 354 3216 et
384 3150 531 3217 iuvenilis
565 3155 677 3218 aetatis
707 3153 833 3217 inscitia
867 3151 959 3214 nimis
991 3149 1084 3212 anxie
1119 3148 1368 3233 obtemperabat,

323 3251 443 3318 Etenim
466 3253 705 3320 Gurnemantius
727 3260 874 3318 suaserat
899 3252 946 3327 ei,
968 3269 1008 3314 ne
1033 3249 1215 3335 frequenter
1233 3251 1368 3316 interro-

324 3365 414 3438 garet
437 3354 592 3437 bornioes,
612 3376 676 3432 non
690 3363 851 3429 suaserat,
872 3370 1087 3436 neququam.
1131 3349 1241 3436 ltaque
1256 3351 1366 3416 Parzi-

323 3455 394 3536 val,
417 3476 484 3522 cunr
500 3457 533 3522 in
556 3459 611 3524 illa
626 3477 700 3522 arce
713 3459 915 3538 interrogare
929 3452 1142 3537 neglexisset,
1168 3453 1229 3518 sibi
1254 3450 1368 3517 deerat

324 3557 405 3624 adeo
436 3571 468 3624 ut
490 3559 550 3625 sibi
572 3558 716 3644 gradalis
736 3575 866 3638 regnum
890 3575 952 3620 non
974 3554 1175 3627 conciliaret,
1208 3553 1308 3639 quod,
1337 3557 1365 3618 si

322 3662 564 3745 interrogasset,
592 3661 724 3744 adeptus
746 3667 838 3723 esset.
882 3656 962 3722 Hinc
983 3659 1081 3742 igitur
1102 3653 1149 3721 illi
1174 3653 1369 3740 quosWoll-

324 3782 429 3830 rannus
454 3763 507 3828 bic
530 3761 596 3827 illic
619 3762 681 3824 iarn
705 3757 811 3824 alludit
832 3769 973 3844 questus,
996 3757 1079 3845 quod
1095 3742 1278 3846 praesertim
1295 3755 1366 3840 gla—

324 3864 406 3932 dium
429 3864 514 3930 illum
542 3861 716 3928 mirabilem
739 3860 779 3924 ab
802 3862 983 3928 Aniortasio
1008 3881 1086 3944 rege
1109 3859 1246 3926 oblatum
1270 3877 1365 3924 acce·
1453 3873 1454 3878 ’

321 3970 421 4054 pisset
441 3967 567 4043 tacitus,
597 3964 710 4032 tacitus
735 3965 826 4034 etium
850 3982 871 4028 a
893 3981 972 4046 rege
994 3963 1131 4028 cubitum
1155 3962 1366 4028 discessisset.
