2942 4690
1104 349 1149 414 hd

85 579 97 591 .
169 559 172 566 ·
220 523 374 592 Salubria·
410 514 508 590 luisse
539 517 802 610 promarlroodes
840 537 880 584 ac
906 517 1024 598 hores,
1070 525 1153 604 ‘quate

107 622 266 713 Euphrate
288 628 502 704 traherentur,
532 644 570 689 er
601 623 661 690 hoc
685 621 757 689 loco
781 619 919 714 nondum
948 618 1151 704 intellegitur,

107 731 139 796 in
158 729 309 815 paradeo
333 727 449 798 iontem
472 745 563 803 esse,
584 724 669 790 undo
692 723 768 790 illae
793 725 901 808 lruges
919 733 1014 808 etque
1028 721 1150 788 herbae

105 828 284 909 manareut;
312 831 456 918 adparet.
507 825 748 896 similitudinem
781 835 886 890 tamen
916 825 1073 911 quondam
1097 844 1151 892 eo-

6 951 7 954 ’
105 953 188 1014 rum,
218 948 301 1020 quae
330 937 363 999 in
391 929 571 998 alexandro
594 936 741 1016 poemate
772 935 957 1006 narrantur,
986 947 1055 993 cum
1075 927 1149 996 loeo

104 1033 280 1101 l’arzivalis
303 1021 412 1104 nostro
430 1053 518 1111 esse,
539 1033 665 1098 minime
688 1027 882 1096 initiandum
906 1039 963 1094 est.
1009 1027 1149 1114 Utroque

6 1125 8 1134 ’
105 1139 186 1202 enirn
220 1135 299 1202 lo'co
334 1140 372 1202 de
403 1136 517 1202 itinere
549 1133 591 1199 ad
618 1132 801 1220 paradisum
832 1134 940 1216 agitur
967 1130 1149 1217 herbaeque

101 1248 329 1314 memorentur,
368 1255 449 1324 quae
477 1239 569 1322 aquis
608 1253 648 1302 ex
678 1232 839 1322 paradise
861 1229 1001 1301 oriundis
1030 1231 1149 1298 deferri

104 1341 256 1408 dicuntur.
300 1341 343 1406 At
366 1359 431 1405 oum
453 1357 490 1404 er
513 1338 685 1404 Alexandri
707 1334 860 1434 poematis
884 1333 954 1401 loco
978 1332 1088 1400 adlato
1112 1334 1146 1400 id

101 1454 218 1532 tautum
246 1439 396 1530 concludi
413 1439 531 1517 licent
573 1427 754 1526 paradisum
782 1438 884 1506 locum
917 1436 1084 1502 fecundum
1116 1449 1147 1501 et

101 1537 372 1622 amoenissimum,
397 1540 514 1627 qualis
525 1544 619 1610 etiam
640 1561 660 1606 a
683 1539 824 1625 patribus
846 1529 1005 1604 ecclesiae
1019 1540 1145 1606 omnino

103 1645 305 1718 describitur
320 1642 372 1724 (cl.
395 1645 547 1738 poematis
570 1639 787 1710 Tertulliano
793 1639 961 1727 adscripti,
991 1639 1106 1726 quod
1097 1661 1145 1704 ιιι-

101 1748 248 1833 scriptum
272 1747 494 1812 estludioium
511 1748 649 1819 domeni,
659 1763 738 1830 cap.
755 1740 856 1824 ulti),
876 1742 1013 1810 habiturn
1036 1743 1144 1817 inisse

92 1846 277 1914 'Parzivalis
306 1857 416 1912 autom
437 1843 546 1911 locus
559 1845 600 1910 ad
631 1847 846 1911 salubritatem
883 1855 1004 1930 spectet
1028 1846 1144 1911 herba-

53 1949 72 2016 s
101 1972 167 2016 rum
198 1971 236 2015 en
266 1947 416 2038 paradiso
444 1950 649 2024 venientium,
681 1947 807 2031 longius
835 1947 928 2013 nohis
955 1951 1144 2036 circuurspi

101 2050 243 2119 ciendum
276 2054 350 2128 erit,
388 2072 461 2118 num
477 2051 573 2116 sorte
610 2051 674 2116 alio
710 2050 784 2118 loco
821 2049 996 2117 huiusmodi
1034 2051 1145 2178 lohulo

102 2165 184 2224 extet
202 2154 379 2249 litterisque
402 2157 453 2220 sit
466 2153 624 2232 inundata.

201 2254 351 2322 Nouimus
372 2260 464 2323 Mose
488 2265 616 2322 auctore
633 2255 723 2338 llihr.
746 2253 880 2320 Genesis
903 2275 971 2342 cap.
988 2255 1033 2334 ll',
1054 2278 1082 2322 v.
1098 2258 1143 2338 9p

99 2377 246 2424 summum
267 2355 388 2422 deum
380 2372 422 2421 ιιι
434 2356 546 2426 medio
561 2358 714 2444 paradiso
729 2359 852 2424 sevisse
875 2357 1038 2434 arborem,
1061 2378 1143 2444 quae

101 2459 215 2534 dicitur
238 2464 321 2524 ottae
343 2462 459 2532 orhor;
491 2459 533 2524 ad
556 2464 645 2528 cuius
668 2459 785 2526 adituro
806 2459 927 2527 Adamo
950 2459 1079 2548 anque
1104 2461 1144 2526 de

99 2559 251 2648 paradiso
275 2561 388 2626 eiectis
408 2559 543 2640 angelus
573 2561 715 2628 flammeo
739 2561 849 2644 gladio
875 2563 1045 2634 instructus
1067 2581 1144 2628 uar-

100 2675 187 2730 ratur
216 2667 296 2748 (cap.
320 2659 378 2739 lll,
407 2683 435 2728 u.
459 2660 514 2740 24)
545 2665 665 2749 positus
692 2663 790 2728 luisse
820 2662 1018 2731 custodiendi
1036 2685 1143 2740 causa,

100 2788 140 2833 ue
161 2764 303 2854 homines
328 2775 453 2851 praeter
473 2767 641 2836 solentiam
660 2764 746 2841 honi
768 2775 797 2830 et
820 2765 925 2830 mali
916 2785 1044 2852 rusuppr
1067 2787 1142 2834 cou-

99 2878 308 2952 sequerentur
336 2867 606 2934 immortalitatem.
650 2865 742 2932 Hauc
771 2885 847 2932 vero
870 2867 912 2932 ad
941 2868 1144 2946 fabulando

97 2973 184 3036 vitae
207 2970 322 3036 arbore
344 2973 539 3044 notissimam
564 2968 649 3036 haud
671 2971 745 3041 scio·
760 2988 802 3036 an
824 2989 887 3041 nou
912 2972 1016 3058 inepte
1040 2971 1143 3038 lacia-

98 3091 185 3150 mus‚
213 3074 241 3136 si
260 3072 353 3138 fidem
379 3093 418 3142 ac
439 3071 587 3158 idueiaui¹
609 3091 630 3136 a
651 3070 797 3154 gradalis
819 3072 937 3165 legatis
966 3075 998 3138 iu
1026 3071 1143 3140 herha-

97 3194 167 3252 rum
191 3182 235 3240 ex'
258 3175 409 3260 paradiso
442 3185 579 3264 ortorum
608 3170 794 3239 salubritate
824 3177 959 3260 positam
984 3174 1142 3260 aliquate-

97 3297 159 3344 nus
195 3274 394 3342 referendam
430 3295 502 3343 esse
541 3276 831 3343 existimaverimus.
885 3275 924 3342 Et
956 3277 1037 3344 haec
1069 3297 1144 3344 mea

99 3379 208 3466 opinio
233 3380 364 3464 egregie
380 3377 510 3463 probari
526 3377 650 3445 videtur
665 3379 847 3449 namatiene
871 3398 1032 3466 ea‚·quae
1056 3384 1147 3448 circa

99 3481 183 3547 hauc
220 3483 300 3547 rem
324 3479 408 3566 apud
444 3479 646 3552 Nicodemum
684 3482 718 3545 in
748 3479 932 3565 evaugelio,
955 3473 1146 3572 apocrypho,

97 3582 184 3672 quod
217 3583 250 3646 in
277 3580 351 3664 lesu
382 3581 495 3672 illinisti
527 3582 740 3670 eruciatibus,
772 3579 924 3650 descensu
947 3584 990 3648 ad
1016 3585 1147 3662 inferos,

98 3683 206 3754 reditu
228 3682 378 3748 advitam
400 3685 571 3750 narrandis
594 3695 739 3753 versatur
753 3683 1059 3770 quodque-extremo
1076 3708 1148 3754 sao-

99 3787 171 3852 culo
196 3783 258 3850 llll
279 3786 374 3850 etiam
395 3783 568 3872 Theotisco
591 3806 734 3854 sermone
761 3785 899 3852 relictum
924 3800 972 3858 est
987 3787 1047 3874 33),
1077 3809 1146 3877 cap.
1261 3773 1262 3776 ¹

101 3917 304 3932 'anun—nn*—

98 4007 150 4076 33)
170 4002 211 4057 (il.
224 3998 443 4070 lloohcrnagrrhl
455 3995 661 4054 Theotiscarmn
674 3999 825 4056 litterarum
843 4000 937 4078 histor.
950 4019 976 4076 p.
990 4003 1041 4062 169
1052 4009 1079 4058 et
1092 4009 1148 4062 too.
