2942 4690
1079 309 1119 374 ib

6 545 11 558 ‚
75 487 176 552 mittes
204 489 382 568 etveteres
400 490 433 546 et
455 477 562 546 medio
582 496 661 550 aero
684 475 856 558 degenies,
886 481 999 566 quippe
1025 482 1077 566 qui
1100 500 1122 546 a

70 583 371 670 ·natura-propiores
385 584 511 668 uitaque
523 573 735 666 simpliciores
751 591 873 655 essent,
892 580 1122 664 sensuaienn¹³)

81 690 185 771 magis
211 704 302 771 qnam
324 682 477 762 idacium,
507 695 538 750 ut
559 687 603 750 ita
624 683 743 762 dicam,
765 701 837 748 esse
858 700 998 752 necesse
1014 683 1079 749 iuit'
1094 693 1128 748 et

79 798 358 868 consentaneum.=
436 815 439 822 ·
534 809 535 814 ¹
691 813 694 820 ·

180 948 246 1014 Sed
275 943 440 1018 redeamus
466 945 506 1012 ad
528 946 742 1030 Parzivalem,
766 949 817 1031 qui
839 965 859 1011 a
881 945 1018 1013 Gauano
1042 933 1123 1009 iniuss

80 1052 235 1118 strissimo
260 1070 298 1115 es
321 1049 539 1127 meditatione,
560 1051 593 1114 in
616 1068 678 1134 qua
702 1049 832 1114 obrutus
851 1056 935 1128 erat,
959 1047 1125 1111 suscitatus

81 1151 123 1217 ad
150 1155 293 1217 Arturum
332 1145 447 1236 regem
471 1154 600 1237 eiusque
631 1151 757 1216 aulicos·
790 1149 979 1226 ducebatur,
1016 1145 1126 1234 quibus
1195 1144 1198 1151 ’

81 1252 285 1340 precantibus
309 1262 340 1318 ut
362 1262 488 1340 prouder
509 1256 651 1318 uirtutem
669 1273 756 1319 suam
778 1263 871 1338 atque
894 1251 989 1330 animi
1006 1250 1127 1331 magni-

79 1352 218 1420 tudinem
251 1375 308 1442 ltro.
335 1357 444 1423 merito
475 1353 692 1420 honorandam
724 1359 756 1420 iu
786 1355 929 1422 ordinem
954 1343 1128 1438 equestrem

80 1455 141 1519 rite
164 1455 263 1542 recipi
288 1477 327 1523 ac
349 1455 478 1522 tabulae
501 1457 655 1523 rotundae
678 1455 836 1522 sodalitio
860 1455 1001 1520 adscribi
1021 1475 1056 1520 se
1071 1474 1128 1542 pa·
1207 1533 1210 1539 .

82 1543 203 1619 teretur
237 1553 456 1623 lubentissime
492 1558 666 1636 satisfecit3
705 1547 798 1642 quam
825 1556 959 1642 ¹quidem
989 1547 1129 1648 tabulam
1199 1601 1200 1606 η

83 1655 281 1721 convivalem
308 1667 466 1743 tamquam
497 1657 669 1744 symbolum
699 1658 797 1734 inisse
828 1661 912 1724 vitae
936 1679 1055 1724 summa
1080 1659 1129 1722 iu-

84 1756 242 1822 cunditate
273 1757 409 1841 insignis
438 1759 540 1846 neque
569 1761 609 1827 ab
635 1759 701 1826 ulla
729 1780 763 1826 re
785 1759 926 1840 humana
945 1762 1006 1833 nisi
1031 1779 1051 1825 a
1073 1755 1130 1826 ne-

83 1861 176 1926 fariis
208 1859 409 1938 abborrentis
439 1861 546 1943 itaque
570 1853 638 1925 eam
666 1879 686 1924 a
709 1861 833 1942 gradali
856 1861 1059 1925 severissimo
1083 1858 1130 1923 di-

81 1962 296 2028 uersissimatn
328 1981 416 2037 esse,
447 1979 510 2026 non
542 1971 590 2026 est
623 1949 708 2046 quod
728 1981 878 2028 moneam.
933 1958 1013 2026 Tum
1035 1961 1132 2046 igitur

82 2055 229 2128 Parz'inal
252 2054 443 2139 honoribns,
468 2061 582 2148 quibus
606 2061 692 2154 aliud
711 2063 853 2130 homines
875 2062 961 2130 illius
984 2063 1131 2149 temporis

83 2171 175 2230 erant
194 2165 333 2229 maiores
356 2162 454 2242 ouili,
483 2163 671 2248 augebatur.

106 2341 109 2350 ’
186 2326 300 2394 Verum
326 2327 504 2401 enimvero,
533 2331 727 2390 commater
758 2323 826 2390 eius
849 2321 1051 2408 Herzeloyda
1072 2343 1131 2388 ne*

6 2447 8 2518 j
88 2431 152 2515 ptis
175 2438 261 2494 esset
283 2425 455 2505 Titurelis',
479 2428 530 2512 qui
558 2427 676 2512 primus
699 2423 843 2509 madaba
865 2431 997 2511 regnum
1020 2437 1130 2492 tenne-

6 2521 7 2598 J
87 2541 152 2605 rat,
187 2527 239 2594 dei
270 2515 626 2611 sublini·prouidentia
655 2527 696 2592 ad
725 2528 806 2592 aiios
833 2531 997 2612 quanin
1018 2527 1131 2614 quibus

6 2665 7 2668 ¹
86 2631 329 2718 uitaequestris
351 2630 486 2706 maxime
509 2627 766 2704 versabaturres
786 2629 932 2712 agendas
948 2640 1047 2696 natus·
1064 2641 1136 2700 erat

85 2731 332 2816 destinatusque.
377 2729 503 2816 ltaque,
526 2741 557 2796 ot
579 2742 757 2816 perpetuum
767 2734 857 2797 uitae
876 2733 1052 2800 ,discrimen-
1064 2732 1133 2796 obt-

85 2845 174 2901 turus
202 2833 375 2908 certamina
405 2831 597 2894 miraculosa
627 2823 799 2916 susciperet
834 2834 933 2898 etsie
957 2843 1074 2898 temere
1099 2834 1132 2898 in

87 2934 174 3002 diem·
189 2935 310 3000 uiueret
331 2931 484 3016 deumque
505 2951 606 3017 aeque
627 2943 726 3018 ¹attenua,
747 2933 856 2998 Arturi
878 2935 998 3020 equites
1016 2935 1133 3007 ritihus

85 3031 360 3104 tontumcoierct
386 3051 426 3116 ac
454 3037 673 3110 caerimoniis,
705 3037 737 3098 in
766 3035 843 3120 iotis
875 3039 944 3100 eius
963 3057 1032 3102 non
1055 3049 1133 3104 erut.

88 3135 227 3213 Etenim,
257 3135 286 3200 si
317 3136 434 3202 Artnro
464 3134 525 3203 soii
558 3139 717 3220 paruisset
747 3136 905 3219 uitamque
923 3137 1133 3222 voluptatibus

87 3248 207 3304 tanton
229 3223 329 3301 uariis
361 3245 395 3300 nt
429 3233 590 3308 coloribus
612 3235 788 3300 distinctam
813 3235 970 3320 degisset,
995 3239 1036 3304 ad
1058 3257 1133 3324 gra·

87 3339 171 3405 dalis
208 3338 370 3422 inperium
401 3335 575 3422 aliquanto
606 3336 834 3420 capessendum
864 3338 912 3420 (id
943 3341 1026 3426 qnod
1054 3341 1134 3408 deus

95 3541 295 3552 ...ψ-*ιη

89 3687 141 3753 13)
160 3683 235 3738 Parz.
257 3697 316 3752 cap.
335 3689 396 3749 291,
418 3700 442 3738 v.
463 3687 505 3740 28.
544 3683 606 3738 iron
624 3683 728 3750 miano,
751 3688 779 3738 iu
797 3683 866 3740 scite
885 3703 990 3742 werren

482 3837 484 3840 Ι
543 3767 636 3826 denir
657 3767 707 3830 den
726 3767 763 3838 lip
783 3768 832 3822 der
852 3771 896 3838 'gir
915 3777 1044 3837 vernent,

474 3889 478 3896 -
538 3852 588 3906 dar
606 3851 682 3934 umbe
698 3852 759 3906 'sich
779 3852 824 3906 diu
844 3855 901 3907 sele
918 3861 977 3908 seut
989 3857 1026 3924 *).

206 3963 232 4032 *)
249 3961 282 4018 ei.
302 3977 372 4034 quae
391 3961 541 4022 Bennobius
562 3965 703 4022 adnotant
721 3965 756 4030 ad
773 3966 866 4022 lucini
886 3983 910 4022 r.
928 3975 970 4025 71.
