2942 4690
479 527 772 602 Christianus.¹

140 659 167 705 v.
188 637 262 702 236.
306 635 388 712 sire,
409 637 537 704 sacbiez
558 637 632 704 bien
654 641 814 714 entresait

306 757 366 823 que
387 737 519 804 Gualois
540 751 613 806 sont
633 732 698 806 tuit¹
712 758 773 828 par
793 751 906 807 nature

305 835 374 926 plus
395 839 441 906 sol
464 861 525 927 que
549 843 655 907 bestes
678 861 716 907 en
739 854 875 930 pastore.

420 974 423 983 '
492 973 747 1040 Wolsramus.

95 1089 162 1160 cap.
185 1072 263 1152 121,
287 1094 315 1140 v.
339 1075 369 1138 7.
394 1093 463 1159 sqq.
509 1077 562 1139 eiu
584 1077 649 1160 pris
675 1073 737 1140 den
760 1077 818 1143 wir
840 1073 934 1140 Beier
955 1085 1068 1160 tragon

305 1195 401 1250 rnuoz,
419 1175 468 1241 ich
489 1195 550 1241 von
574 1173 739 1242 Wdieiseo
763 1193 882 1260 sagea:

248 1283 251 1290 ’
304 1276 356 1341 die
380 1277 443 1342 sint
464 1277 617 1344 tcarscher
641 1277 745 1344 denne
771 1273 922 1345 Beiersoh
944 1279 1010 1356 her,

302 1390 355 1445 unt
380 1378 461 1445 doch
483 1381 515 1446 bi
538 1379 805 1450 manlicber'uer.

191 1509 258 1578 Sed
289 1515 486 1598 quantumvis
510 1533 626 1598 magna
650 1515 733 1579 inter
755 1523 917 1598 utrumque
942 1519 1066 1596 poetam
1091 1513 1136 1576 si-

90 1610 232 1679 militudo
262 1613 447 1700 frequenter
477 1615 631 1700 adpareat
652 1633 713 1680 nec
746 1615 889 1698 cuiquam
913 1611 962 1678 bis
991 1611 1138 1678 versibus

89 1714 225 1796 cognitis
251 1713 423 1781 Christiani
446 1717 559 1782 librum
581 1714 754 1782 Woliramo
780 1716 884 1798 ntique
907 1723 1012 1781 notum
1035 1711 1134 1778 inisse

11 1815 15 1824 '
88 1833 154 1880 nou
183 1836 368 1900 persuasum
398 1820 451 1894 sit,
492 1829 595 1886 tamen
627 1829 744 1886 certum
771 1827 987 1900 argumentum
1018 1812 1136 1882 nullum

88 1914 207 1980 adferri
231 1927 348 2001 potest,
381 1937 443 2003 quo
464 1919 645 1985 Kiotianum
669 1916 747 1984 iliud
771 1935 883 2003 poema
904 1935 1072 2002 numquam.
1095 1935 1135 1982 ac

87 2035 240 2102 nusquam
264 2020 403 2087 extitisse
426 2019 665 2094 demonstretur.

60 2116 65 2122 “
189 2120 290 2209 Atque
327 2120 452 2188 videtur
482 2122 610 2207 Kiotus,
649 2121 676 2186 si
707 2109 944 2208 ullo'tempure
980 2120 1007 2184 is
1038 2121 1135 2188 tuerit

86 2228 197 2303 poeta,
235 2223 322 2288 cuius
358 2225 500 2290 rationes
531 2221 722 2290 Woliramus
760 2225 793 2287 in
825 2221 937 2288 iabuia
966 2221 1135 2288 tractanda

87 2331 226 2388 secutum
254 2343 290 2388 se
320 2345 392 2390 esse
418 2339 480 2392 tam
504 2327 615 2394 crebre
639 2333 866 2402 conmemorat,
905 2341 1020 2407 poema
1047 2341 1135 2387 suum

86 2420 213 2510 dequo
244 2423 283 2490 lio
313 2438 360 2493 est
390 2427 572 2496 condidisse
602 2431 690 2514 prius
709 2427 739 2509 ¹)
776 2443 868 2514 quam
891 2433 986 2510 poeta
1010 2425 1135 2510 scripsit

86 2523 404 2606 Augustobonensis.=
455 2529 545 2608 Quae
576 2549 629 2595 res
660 2549 698 2594 ex
724 2531 801 2616 ipsis
833 2524 996 2594 Woisrami
1026 2525 1134 2592 verbis

85 2629 191 2706 (Parz.
223 2647 289 2716 cap.
313 2631 395 2710 827,
424 2651 453 2697 u.
477 2633 495 2695 l
517 2633 600 2717 sqq.)
630 2631 658 2695 si
688 2632 738 2694 cui
768 2649 831 2696 non
855 2629 933 2693 satis
955 2627 1134 2694 luculenter

84 2731 311 2816 perspiciatur,
330 2753 431 2820 spero
456 2744 561 2800 tamen
585 2733 653 2800 iore
675 2745 708 2799 ut
731 2731 959 2818 conparatione
982 2730 1133 2810 instituta,

84 2849 176 2914 quam
200 2830 332 2898 diversa
354 2839 479 2899 omniuo
501 2837 623 2897 ratione
650 2844 783 2914 uterque
804 2827 898 2914 poeta
919 2833 952 2892 in
978 2847 1132 2893 enarran-

84 2931 134 2996 dis
157 2930 253 2996 rebus
278 2937 397 3018 egerit,
428 2933 619 3022 aliquantum
642 2923 736 2998 'effici
760 2931 868 3019 possit.
916 2927 997 3008 Quid
1023 2931 1132 2995 enimi

83 3033 119 3096 Si
142 3031 310 3118 probabile
333 3035 471 3114 videtur,
496 3031 579 3122 quod
601 3038 803 3100 coniecturae
822 3031 1008 3119 probandae
1033 3051 1132 3098 cansa

83 3133 212 3212 adiero,
250 3137 405 3222 originem
435 3148 465 3204 et
493 3147 637 3204 naturam
669 3133 848 3200 fabularum
877 3153 948 3200 esse
977 3133 1060 3197 hanc
1090 3145 1131 3210 ut,

82 3233 153 3301 dum
177 3248 363 3315 nascuntur,
393 3257 550 3324 personae
580 3235 770 3302 inducantur
799 3246 907 3302 certae
938 3233 1051 3320 quibus
1074 3254 1132 3301 no-

81 3339 167 3404 mina
197 3343 326 3426 propria
352 3341 541 3426 inponantur
572 3337 669 3426 (quod
701 3337 860 3424 negotium
882 3337 1013 3422 ingenio
1041 3345 1130 3402 aeta-

82 3447 144 3504 tum
166 3443 298 3506 maxime
328 3440 499 3528 respondet
526 3461 652 3518 earum,
684 3459 765 3526 quae
792 3439 950 3526 simplices
976 3459 1015 3506 ac
1038 3450 1130 3506 uatu-

82 3533 140 3607 rae
164 3546 327 3629 propiores
347 3563 399 3610 res
422 3544 593 3624 humanas,
617 3543 727 3632 quales
749 3541 817 3607 iere
835 3535 906 3606 ante
930 3540 1039 3608 oculos
1057 3562 1130 3610 rer-

82 3653 206 3721 santur,
233 3646 267 3710 in
296 3645 415 3713 tabulis
443 3649 624 3734 reponant),
653 3643 757 3710 nonne
782 3646 891 3712 mirum
913 3643 1063 3730 estquod
1087 3654 1130 3710 tot

83 3817 289 3829 un——u-n

110 3930 140 3998 1)
158 3929 317 4000 Opinionem
349 3937 511 3987 contrariam
544 3933 626 3989 babet
649 3932 889 4004 Waokomageiius
923 3929 1129 3987 Theotiscarurn

148 4015 296 4070 litterarum
316 4014 448 4072 historiae
467 4033 492 4086 p.
512 4021 570 4077 194.

875 4103 924 4167 ,a
