2942 4690
20 4245 23 4351 t

21 4353 25 4546 ἱ

22 4547 32 4657 t

1084 337 1128 412 83

186 501 236 570 Ani
267 501 364 585 aiinnn
387 501 567 570 Parsiraiis
594 499 700 568 innan
725 509 939 570 transeamus·
980 502 1016 570 in
1040 526 1127 574 ‚nnu-

83 607 259 672 rueratinne
282 605 520 683 remediorum
545 623 628 691 quae
656 624 678 670 a
706 603 850 689 gradalis
878 607 1128 678 enundinaret

84 705 249 776 Auinrtasi
275 710 363 795 regis
393 707 506 776 vulnus
535 705 711 778 sanandum
742 709 886 794 quaesita
916 704 972 774 sed
1009 711 1129 779 frustra

83 810 227 878 adhibita
256 831 326 877 esse
357 807 580 876 Trevrizentes
605 806 766 895 relinquis
797 829 864 876 enm
887 809 1055 880 Parzivaie
1079 818 1129 881 in·

81 913 188 979 stitutn
211 912 296 992 nteit,
319 914 411 979 etiarn
434 911 515 978 haee
537 914 747 979 enuntiantur.
773 912 807 979 G.
822 913 896 994 481,
910 935 960 981 ra
976 917 1128 998 19-26,

293 1063 350 1130 uir
373 1078 549 1144 geuunnen
572 1057 661 1124 Genu

197 1163 250 1227 20.
295 1183 333 1228 ze
355 1159 440 1227 helie
466 1161 547 1226 unde
569 1159 673 1236 Pinna,

294 1263 445 1334 Eufrates
469 1261 551 1330 unde
576 1261 697 1350 Tigris,

294 1365 347 1434 diu
361 1364 440 1432 ‘vier
460 1385 587 1433 wazzer
607 1369 694 1434 sineru
719 1363 838 1452 pardis,

294 1473 330 1536 sn
354 1467 441 1534 naha
460 1456 596 1534 hin'zuo
619 1471 647 1534 ir
671 1475 785 1532 suezer
806 1483 894 1531 'surae
997 1481 1010 1544 ᾗ

295 1561 442 1636 dennach
463 1568 531 1634 niht
553 1569 603 1633 sin
626 1563 801 1635 uerrochen
826 1587 929 1645 mac„

194 1671 246 1738 25.
290 1669 330 1739 ab
349 1665 427 1738 'kain
446 1669 532 1739 uurz'
555 1663 661 1735 diune
677 1689 802 1756 quamn,

294 1773 347 1840 diu
369 1794 465 1840 unser
487 1774 594 1838 trriren
618 1792 725 1840 nesure.

188 1920 309 2000 Quibus
331 1920 491 2000 versibus,
515 1878 645 2006 quornm
668 1881 699 1986 et
722 1881 941 1987 obseuritatent
959 1917 1133 2006 dispellere

84 2025 323 2106 grammaticam
347 2032 377 2088 et
397 2041 523 2114 sensura
545 2033 692 2108 quantun
715 2023 782 2116 fieri
805 2026 904 2110 possit
924 2031 1036 2109 postea
1056 2042 1133 2092 enu-

83 2123 191 2193 cleare
221 2123 422 2198 conabimur,
453 2123 536 2196 hauu
562 2125 631 2192 iere
657 2125 724 2198 aiei
749 2123 902 2193 vitientur.
948 2117 1133 2213 ‘Gnupars-

2 2303 3 2308 η
83 2225 194 2293 bamus
215 2229 333 2305 nonius
360 2237 392 2292 nt
412 2245 465 2292 rex
486 2237 669 2304 sanaretur,
700 2244 814 2312 aquarn
837 2225 877 2292 da
898 2237 1048 2312 quattuor
1068 2229 1133 2295 iliis

82 2326 203 2404 fluviis,
226 2331 278 2414 qni
292 2349 341 2395 ex
364 2328 515 2415 paradiso
537 2326 694 2415 profluunt
711 2327 816 2418 Genu,
830 2326 966 2406 Phison,
988 2327 1133 2416 Euphra-

3 2447 7 2522 ζ
85 2441 155 2510 tes,
188 2428 315 2515 Tigris,
347 2431 491 2498 haustam
519 2449 558 2496 ac
576 2441 650 2506 ‚tarn
672 2449 780 2518 prope.
795 2428 964 2515 quidenna
979 2431 1133 2516 paradino

4 2535 5 2538 ’
84 2531 229 2600 haustam
260 2543 292 2601 nt
320 2533 364 2599 ibi
393 2534 555 2600 fluuiorum
583 2532 707 2599 illorum
745 2531 875 2600 oderem
912 2551 1039 2601 suavem
1071 2543 1134 2600 turn

83 2634 237 2704 nandum·
252 2633 431 2702 exhalatum
454 2635 555 2703 inisse
574 2637 645 2702 veri
668 2633 771 2702 sirniie
788 2642 888 2713 estet,
911 2635 939 2700 si
955 2654 1019 2720 qua
1032 2635 1136 2704 herba

84 2735 255 2824 aquarum'
272 2736 365 2806 undis
394 2738 528 2804 sarnitan
559 2735 750 2814 deferretur,
783 2754 864 2821 qnae
885 2735 988 2806 luctus
1010 2749 1135 2808 uestras
1237 2771 1239 2774 ·

7 2881 8 2884 =
82 2837 212 2908 tolleret
240 2859 353 2924 regern
383 2838 530 2906 sauans‘.
581 2837 626 2904 Ex
655 2838 705 2904 his
739 2837 886 2906 versibus
915 2840 1057 2925 inprimis
1088 2861 1135 2917 nv,

88 2941 141 3010 23,
165 2953 196 3008 et
225 2941 270 3006 24
298 2940 489 3009 ubscuritate
516 2959 637 3026 inagna
667 2941 818 3010 laborare
848 2951 945 3028 patet.
1002 2941 1136 3014 Priunrn

84 3043 169 3108 eninr
191 3063 304 3112 versus
320 3045 364 3110 23
386 3043 485 3110 rerba
507 3044 542 3108 sti
564 3042 654 3108 radan
674 3047 731 3110 itin
749 3064 833 3116 zuo,
851 3054 884 3111 ut
906 3044 1020 3128 quibus
1034 3053 1136 3112 metus

82 3143 126 3212 ad
150 3143 252 3212 lacurn
274 3145 412 3232 aliquem
430 3146 638 3233 exprimatur,
661 3165 731 3212 num
754 3145 846 3210 dietis
862 3145 1137 3232 wisequentibus,

89 3245 205 3333 quibus
228 3265 281 3313 res
304 3248 378 3314 inno
400 3258 473 3313 anta
496 3247 566 3312 sine
593 3256 677 3314 motu
697 3257 858 3320 narretur,
887 3266 995 3335 parurn
1010 3241 1136 3318 'cauve-

87 3350 161 3414 nirn
181 3346 335 3416 ridentur.
380 3353 490 3435 ltaque
511 3367 584 3414 mea
605 3350 763 3417 sententia
784 3351 883 3419 satius
904 3350 1001 3429 suet,
1030 3354 1057 3418 si
1080 3372 1137 3438 pru

87 3448 197 3515 verbis
219 3449 255 3515 sti
277 3449 368 3516 anina
398 3454 453 3517 hia
479 3471 540 3516 zuo
571 3449 757 3536 legarentur
784 3452 886 3519 verba
913 3453 949 3520 sti
979 3450 1084 3522 aaran
1107 3455 1138 3519 bi

90 3555 150 3634 (su.
173 3554 242 3618 dean
262 3547 448 3636 perantes„
472 3551 779 3631 annuntiantes,
802 3552 939 3620 uthaen
958 3553 1056 3623 lentio
1079 3575 1139 3642 pn-
1175 3613 1177 3618 .

85 3654 195 3720 testati
237 3673 320 3738 quae
348 3657 424 3720 insit
453 3656 550 3724 rerba
581 3660 744 3740 quintanori
775 3659 1031 3741 (=acqnirere,
1057 3660 1140 3746 pet't-

84 3768 152 3824 taur
175 3755 312 3836 mittere)
332 3757 528 3842 respondere
549 3762 657 3846 possit.
701 3758 791 3839 Quae
808 3777 877 3825 curn
892 3760 939 3822 ita
956 3761 1038 3837 sint,
1062 3779 1139 3848 pnn-

84 3867 312 3927 maurentium
334 3855 400 3924 iliis
431 3858 598 3926 vocabulis
620 3881 685 3930 nan
714 3869 830 3926 tanturn
854 3879 952 3946 prope
974 3858 1016 3926 ad
1043 3880 1139 3948 parn-

88 3959 193 4028 disunr
218 3961 405 4056 parvenisse
427 3959 569 4046 legator,
589 3979 698 4030 rernm
712 3961 858 4034 hausisse
874 3976 999 4050 qunque
1015 3962 1142 4050 lagatus
