2942 4690
603 716 627 793 i.

133 881 137 884 ’
192 876 255 943 lara
279 877 408 965 primum
430 878 462 943 in
485 877 549 956 his,
573 897 655 964 quae
677 888 770 966 poeta
786 887 895 950 noster
910 875 1038 960 triginta
1058 897 1129 945 ver-

89 979 194 1060 sibus,
215 984 267 1067 qui
286 984 375 1074 quasi
391 982 584 1069 prooemium
603 990 673 1047 sunt
693 979 869 1046 Parzivaiis
900 979 972 1046 libri
998 981 1130 1064 septimi,

88 1081 228 1160 exhibet,
251 1081 373 1168 plurimi
400 1083 534 1149 lectores
555 1082 655 1170 primo
678 1075 845 1170 adspectu,
867 1085 899 1148 ni
923 1081 1034 1158 failor,
1056 1080 1131 1145 hae-

87 1185 207 1252 rebunt.
250 1183 326 1250 Nam
350 1183 555 1266 wolframus,
588 1203 656 1249 curn
680 1204 699 1249 a
723 1182 906 1250 Godosredo
933 1183 1129 1268 Argentora-

87 1289 169 1352 tensi
198 1286 424 1352 facundissimo
454 1295 548 1372 atque
577 1284 805 1354 litteratissime
835 1295 929 1373 poeta
967 1295 998 1351 et
1025 1287 1129 1350 animo

89 1397 119 1452 et
142 1399 209 1454 arte
231 1387 386 1454 dissideat
414 1408 515 1474 neque
538 1387 696 1458 scribendi
722 1388 934 1474 neclegendi
957 1399 1055 1454 arten
1080 1386 1130 1452 di-

89 1488 219 1569 dicerit,
244 1494 418 1556 sententias
442 1510 517 1556 suas
540 1501 572 1558 ut
594 1493 655 1558 hoc
678 1490 766 1571 loco,
792 1493 837 1560 ita
863 1491 931 1556 iere
959 1491 1074 1576 ubique
1099 1499 1130 1554 et

88 1595 214 1658 omniuo
236 1610 328 1678 quam
349 1593 546 1678 paucissimis
569 1593 697 1670 efferre,
720 1595 996 1667 enuntiatorem,
1018 1590 1130 1676 quibus

89 1693 209 1779 aliquid
237 1694 348 1760 dicturo
368 1693 581 1772 confirmetur,
604 1699 732 1786 saepius
756 1698 826 1760 sine
850 1691 1031 1785 causalibus
1053 1711 1131 1758 con-

89 1795 301 1861 iunctionibus
327 1797 461 1862 orationi
486 1816 563 1874 suae
586 1798 743 1872 inserere,
766 1795 894 1884 ellipses
917 1797 1050 1882 denique
1073 1791 1131 1860 ad-

88 1899 207 1962 mittere
229 1915 331 1983 paene
352 1896 433 1960 iusto
457 1894 628 1960 studiosius
648 1899 740 1964 solet.
784 1897 848 1965 Sed
870 1900 955 1966 iuxta
975 1897 1036 1961 hoc
1058 1896 1130 1962 bre·

88 1998 194 2064 vitatis
215 1995 347 2064 studium
367 1997 419 2062 hic
440 2008 551 2084 poeto,
582 2019 672 2086 quern
696 1997 803 2064 ubiubi
828 1999 902 2088 quid
925 1999 1003 2064 dixit
1028 2000 1132 2065 omnia

88 2103 240 2166 memoria
263 2102 470 2166 tenacissima
492 2110 599 2164 tenere
622 2105 754 2178 scimus,
775 2111 837 2166 tam
857 2111 941 2167 recte
962 2112 1021 2167 tarn
1039 2112 1130 2168 acute

89 2203 312 2286 cogitationem
342 2203 488 2280 instituit,
519 2210 550 2264 ut
580 2199 659 2266 dura
688 2205 757 2268 eius
781 2200 918 2268 elocutio
950 2207 1066 2269 sensim
1091 2225 1129 2270 eo

89 2306 192 2388 magis
222 2303 384 2369 adametur
414 2325 475 2390 quo
506 2305 682 2373 sententiae
705 2305 916 2388 gravissimae
942 2306 1058 2371 clarius
1082 2309 1130 2369 in-

89 2403 287 2492 tellegantur.
332 2404 558 2490 Investigemus
580 2407 678 2488 igitur
694 2404 857 2476 Wolsrarni
875 2417 1022 2474 accurate
1039 2406 1129 2494 cogi-

88 2520 153 2573 tata
176 2515 327 2574 accurate
352 2505 522 2590 cogitando
546 2527 604 2592 pro
624 2508 744 2575 viribus
765 2521 1009 2601 persequentes,
1030 2529 1129 2595 quae-

9 2699 10 2704 *
88 2630 159 2674 narn
188 2609 250 2675 hoc
280 2607 456 2673 Parziualis
484 2605 558 2674 loco
586 2608 635 2675 his
663 2610 808 2680 versibus
836 2631 875 2677 ac
897 2613 1004 2682 verbis
1028 2613 1130 2700 errori·

88 2729 173 2776 mere
195 2709 337 2777 voluerit.

90 2843 166 2930 Cap.
184 2847 259 2912 338.
293 2844 358 2911 Der
382 2844 433 2909 nie
453 2861 579 2927 genarp
605 2843 687 2911 nach
710 2843 882 2919 schenden,

297 2946 349 3011 eiu
372 2941 422 3012 nil
447 2963 507 3010 zuo
530 2943 772 3027 sinenhanden

297 3045 345 3112 sol
369 3065 410 3116 nu
433 3043 502 3111 dise
524 3047 696 3116 aventione·
710 3045 772 3115 hdn

228 3203 232 3208 .
298 3147 354 3216 der
375 3145 481 3216 uerte
505 3145 646 3218 erkaude
668 3146 800 3215 Gaude.

217 3254 246 3316 5.
292 3249 345 3316 diu
369 3255 498 3333 peieret
521 3265 675 3331 nanegen
698 3248 759 3312 dne
781 3247 841 3314 haz

298 3349 460 3420 derneben
482 3347 561 3416 oder
586 3349 636 3416 itir
658 3351 690 3421 in
705 3348 775 3418 .baz

299 3453 359 3518 dar
385 3453 442 3523 dos
465 3471 575 3525 meres
601 3452 717 3526 herren
734 3451 898 3548 ‚Parzivdi

299 3578 379 3627 suer
401 3557 491 3628 sinen
513 3555 610 3625 iniunt
633 3553 697 3628 alle
717 3552 781 3629 nt!
864 3601 867 3611 ·

299 3662 351 3726 nuit
373 3669 489 3733 norton
512 3677 553 3726 an
578 3657 638 3728 daz
661 3656 779 3727 hoehste
801 3658 881 3739 jagr,

210 3762 257 3827 ld.
303 3760 361 3824 uter
384 3761 424 3832 ist
445 3760 548 3848 priseo
571 3757 745 3850 anderhalp
766 3769 904 3842 varzagt.

299 3863 339 3927 im
364 3880 454 3930 neore
477 3860 534 3934 dor
556 3861 630 3932 liuto
653 3863 747 3948 volgo
771 3874 856 3944 gont,

298 3982 379 4032 swer
403 3960 496 4029 dicke
517 3963 569 4050 lep
593 3965 645 4030 ruit
670 3963 800 4035 narheit
819 3974 890 4030 tuot.
