2942 4690
340 348 380 417 ll

336 529 499 598 structum,
521 539 613 622 quam
637 527 732 586 antea
752 521 894 599 viderat,
919 541 987 589 oum
1011 523 1072 592 deo
1086 517 1256 614 diuinaque
1275 529 1382 613 gratia

336 623 495 688 ardssimo
524 611 658 689 vinculo·
673 627 889 690 coniunctam
906 643 979 690 esse
1000 627 1213 714 custodesque
1231 635 1301 697 eius
1326 651 1382 696 sa·

336 728 400 790 eris
433 725 528 790 rebus
558 723 708 790 curandis
734 725 904 811 obligatos.
949 723 1040 806 Quae
1066 747 1134 794 cum
1157 729 1280 817 Sigana
1302 736 1380 799 reti·

335 830 467 904 cuisset,
495 827 562 893 lieri
589 845 651 892 non
675 831 773 913 potuit
795 833 869 914 quin
891 829 1040 895 Parziral
1061 850 1099 895 ea
1121 833 1234 900 relicta
1257 835 1379 920 grada-
1452 855 1453 858 ’

333 928 374 994 lis
410 945 541 1014 regnum
579 931 640 1016 ipsi
675 931 875 1017 praeclusum
903 942 1060 1018 tamquam
1091 937 1237 1002 amissum
1264 938 1380 1008 bonum

333 1031 498 1097 humanum
531 1030 667 1110 doleret,
705 1030 840 1100 dirimam
876 1038 970 1120 regni
1006 1045 1149 1104 nattuam
1187 1036 1379 1122 intellegere

333 1131 412 1198 nihil
443 1144 577 1199 curaret.
622 1134 764 1202 Poncbat
786 1133 912 1222 quidem
940 1138 1096 1204 etiamtum
1121 1137 1269 1206 Parzival
1291 1159 1380 1225 spem

332 1253 478 1320 magnam
508 1245 539 1300 et
564 1235 708 1303 fiduciam
739 1241 772 1304 in
803 1237 881 1318 deo,
914 1259 1006 1328 quem
1035 1249 1065 1305 et
1096 1239 1219 1325 qualem
1252 1261 1324 1308 esse
1359 1261 1379 1306 ιι
1452 1283 1453 1286 =

332 1340 688 1434 matreaccuratissimc
702 1341 857 1408 institutus
883 1353 951 1408 erat
974 1361 1128 1428 quemque
1154 1343 1205 1429 pie
1223 1343 1380 1422 coluerat;

188 1437 192 1446 '
241 1477 243 1480 ·
332 1460 423 1528 quem
453 1440 544 1506 deum
571 1441 633 1504 nisi
655 1452 825 1507 veneratus
855 1453 940 1510 esset
964 1453 1075 1518 testem,
1095 1463 1160 1509 non
1186 1445 1378 1524 invocasset,

333 1545 460 1628 opinor,
484 1561 550 1626 cum
572 1539 710 1609 Orilusio
734 1545 904 1630 coniugem
928 1546 995 1610 eius
1022 1544 1060 1611 de
1083 1541 1239 1618 adulterio
1261 1543 1308 1609 illi
1327 1564 1380 1609 su-

331 1655 471 1730 spectam
500 1662 699 1730 nequaquam
729 1663 834 1710 secum
856 1644 1040 1712 adulterium
1065 1647 1257 1712 commisisse
1279 1643 1379 1709 adfir-

331 1737 498 1823 mabatfl)
547 1746 690 1808 Attamen
719 1743 872 1838 humanis
893 1745 1007 1826 rebus,
1035 1757 1068 1812 ut
1092 1765 1174 1832 quae
1198 1749 1378 1811 accuratius

329 1849 453 1912 interim
478 1849 543 1940 ipsi
573 1848 721 1938 cognitae
752 1855 872 1922 essent,
900 1843 1000 1912 nilrilo
1033 1848 1133 1912 miuus
1155 1845 1211 1912 illo
1234 1856 1377 1932 tempore

330 1959 424 2034 atque
455 1951 547 2014 etiam
577 1951 679 2032 magis
706 1966 797 2034 quam
834 1945 953 2034 divinis¹
980 1946 1133 2020 delectari
1163 1950 1376 2034 occuparique

329 2050 503 2117 videbatur.
548 2047 669 2140 Etenim
691 2051 723 2113 in
747 2066 857 2132 cumpo
880 2050 1007 2129 nivoso,
1032 2051 1066 2114 in
1087 2067 1148 2134 quo
1169 2059 1376 2136 pernoctave-

329 2163 394 2231 rat,
423 2152 491 2217 cu'm
521 2137 625 2234 guttas
655 2159 720 2213 tres
739 2149 824 2214 -illas
853 2151 1019 2234 sanguinis
1047 2152 1080 2215 in
1115 2152 1219 2216 niuem
1246 2167 1375 2240 sparsas

328 2255 519 2342 adspectans
550 2272 585 2318 se
612 2261 707 2318 totum
731 2249 905 2343 dedidisset
926 2253 959 2316 in
983 2250 1215 2318 meditationem
1238 2248 1320 2315 adeo
1343 2262 1377 2318 ut

328 2358 448 2423 inscius
487 2373 555 2420 cum
588 2353 745 2438 equitibus
777 2351 902 2442 duobus
929 2369 1039 2418 manus
1067 2349 1266 2430 consereret,
1293 2370 1374 2437 quos

326 2459 417 2538 uicit,
443 2491 485 2501 -—
509 2454 584 2540 quid
604 2465 676 2519 tunc
699 2455 803 2519 animo
828 2452 1000 2520 volvebat?
1041 2452 1285 2520 Recordabatur
1306 2453 1374 2538 qui-

328 2557 398 2624 dem
428 2555 572 2642 gradalis
604 2555 759 2621 mirabilis
787 2555 887 2634 illius,
927 2556 985 2622 scd
1013 2556 1193 2623 adnomen
1224 2573 1373 2620 summum

328 2681 398 2728 eum
417 2658 615 2726 referendum
640 2678 712 2724 esse
736 2661 892 2723 etiamtum
917 2657 1052 2724 nondum
1067 2658 1224 2746 suspicari
1241 2655 1372 2744 poterat,

327 2765 402 2850 qnia
429 2759 461 2828 id
490 2759 626 2828 nondum
657 2759 850 2826 audiverat·
882 2758 1024 2823 Tametsi
1048 2768 1150 2824 autem
1174 2761 1207 2825 in
1231 2759 1309 2826 istas
1333 2759 1372 2826 de

327 2863 453 2950 gradali
484 2864 693 2948 cogitationes
716 2863 835 2928 delirus
856 2861 1087 2957 est,'inprimis
1099 2861 1142 2944 12)
1166 2871 1269 2928 tamen
1288 2879 1370 2946 con-
1452 2943 1453 2950 ἵ

326 2967 410 3048 iugis
439 2967 540 3032 roseis
568 2971 661 3052 genis
687 2965 928 3033 venustissimae
957 2971 987 3024 et
1019 2964 1136 3028 amoris
1165 2965 1234 3029 eius
1264 2983 1373 3029 recor-

326 3066 469 3146 datione,
500 3071 595 3152 guttis
626 3068 690 3135 illis
716 3057 912 3150 conspectis,
944 3063 1117 3130 tenebatur.
1167 3061 1243 3130 Erat
1265 3067 1372 3151 igitur

326 3180 435 3256 captus
458 3189 496 3235 ac
521 3174 612 3256 quasi
632 3169 760 3234 obrutus
781 3166 916 3230 feminae
939 3183 1067 3240 amore,
1094 3185 1185 3249 quem
1201 3159 1372 3253 ‚apud'ho-

321 3357 524 3370 -ι--υ--ί

326 3489 372 3558 11)
392 3447 467 3542 Parz.
486 3501 545 3555 cap.
559 3490 630 3548 269,
649 3500 675 3537 r.
697 3488 748 3541 15.¹
773 3485 847 3538 dlrre
864 3490 951 3539 morte
967 3486 993 3540 si
1012 3488 1058 3540 mit
1075 3484 1184 3539 morien
1203 3484 1282 3552 plant

778 3568 832 3625 min
850 3567 965 3637 gelioke
982 3571 1034 3623 ior
1050 3569 1098 3624 der
1113 3567 1232 3622 hoahuteu
1251 3566 1331 3622 luunt:

323 3767 370 3842 12)
389 3765 466 3820 Para.
493 3781 552 3839 cap.
572 3769 638 3834 296,
664 3784 686 3820 r.
712 3769 737 3824 5.
772 3765 832 3822 sine
850 3764 975 3834 gedanie
994 3765 1090 3820 umbem
1108 3764 1171 3832 gril

775 3854 822 3902 unt
840 3848 888 3902 der
904 3846 1008 3916 lrimgin
1026 3847 1129 3918 gliclriu
1150 3848 1211 3914 mil,

772 3925 906 3984 ierrcderz
923 3946 978 3984 was
999 3935 1043 3985 ein
1061 3936 1183 4001 strengiu
1201 3933 1264 3983 not:

695 4011 699 4018 '
771 4030 807 4070 an
825 4018 860 4070 tm
882 4029 940 4072 mac
960 4015 1002 4071 itur
1022 4017 1070 4070 der
1089 4019 1193 4069 mtnnen
1211 4016 1258 4068 lot.
