2942 4690
964 345 1138 446 ,m

95 512 220 591 Quibus
249 511 371 598 quidem
400 508 558 596 quotiens
582 507 720 574 indicari
739 507 863 576 ridetur
885 506 1082 584 Perziuoiem
1105 518 1137 582 iu

94 618 188 680 vitam
218 614 417 680 acerbiorem
439 632 509 678 nrox
533 610 757 676 descensurum
782 629 863 674 esse.
902 609 1001 688 'Quod
1023 616 1137 685 iactum

94 719 135 782 iri
159 719 252 782 etiam
272 725 402 803 postea,
422 735 491 782 curn
508 711 658 778 Parzivai
677 731 716 778 eu
726 710 872 794 gradalis
891 731 968 778 aree
989 715 1138 806 deinceps

96 819 284 885 discessisse
305 826 452 892 narratus
473 824 535 893 e‘st,
556 815 605 880 iris
627 813 742 880 uerbis
760 815 878 888 clarius
894 825 1118 901 pronuntiatur.

39 948 42 953 ’
95 951 170 1033 Gap.
193 948 274 1030 248,
299 971 328 1016 v.
354 948 405 1013 li.
452 948 493 1014 ob
517 951 613 1013 inuu
636 946 767 1012 kumber
788 947 905 1021 roecke,

307 1049 364 1114 des
385 1066 450 1116 nas
474 1069 512 1114 er
535 1049 577 1114 dd
598 1070 656 1115 vor
681 1049 746 1113 riht
768 1059 907 1133 gement:

304 1170 359 1217 ern
380 1151 451 1217 hete
475 1150 543 1216 sicii
563 1151 629 1216 niht
648 1150 691 1216 rii
712 1159 832 1234 gesent.

194 1281 341 1349 Parzivai
370 1283 443 1348 inde
468 1281 626 1370 proiectus
652 1285 683 1346 in
707 1273 806 1357 silva,
836 1300 917 1366 quae
941 1301 1038 1370 prope
1062 1305 1137 1370 gra-

97 1379 178 1447 dalis
203 1404 307 1449 arcem
334 1395 417 1463 erat,
448 1383 602 1468 Sigunam
624 1404 691 1449 curu
712 1381 999 1467 Schiauatulandro
1024 1397 1139 1464 amato,

96 1503 185 1567 quern
217 1496 365 1552 mortuum
394 1486 595 1562 condiverat,
624 1489 719 1551 vitam
749 1476 1056 1550 aerumnosissimam
1084 1487 1139 1552 de-

96 1595 220 1666 gentem
237 1585 338 1650 denuo
354 1588 480 1651 invenit.
526 1585 555 1650 A
574 1607 636 1672 qua
652 1597 724 1652 tunc
744 1587 874 1653 edoctus
895 1597 942 1652 est
963 1589 995 1651 in
1010 1587 1140 1655 Monte-

96 1686 241 1751 silvatico
258 1683 478 1768 ⁹)'se‘suissa
502 1686 625 1752 silentio
650 1697 765 1764 autern,
793 1708 853 1774 quo
877 1689 909 1751 in
931 1690 1140 1757 riniortasium

96 1787 301 1855 vehementer
339 1801 499 1871 aegrotum
530 1808 604 1872 usus
641 1799 737 1866 esset,
773 1788 918 1874 gradalis
954 1794 1045 1875 regni
1079 1793 1139 1858 sibi

98 1889 292 1953 conciliandi
309 1891 566 1974 opportunitatem
584 1877 781 1973 perdidisse}
806 1902 993 1978 quapropter
1017 1891 1140 1974 Sigana

97 1991 231 2053 animum
256 1989 322 2053 eius
347 1989 470 2065 durum,
495 2009 555 2075 quo
570 1989 735 2076 impeditus
752 2002 836 2057 esset
851 1996 1014 2078 quominus
1031 2005 1140 2078 regern

96 2088 180 2154 illum
208 2092 432 2173 interrogaret·
447 2100 633 2177 curaretque
661 2093 706 2156 ita
730 2095 830 2176 gravi·
843 2083 952 2162 inorbo
972 2095 1139 2184 adiectum,

97 2191 215 2256 acerbe
242 2194 366 2282 incusat
400 2211 439 2255 ac
473 2190 551 2257 diris
580 2194 686 2258 verbis
719 2207 910 2262 exsecratur.
964 2195 1033 2274 Quo
1056 2199 1140 2265 facto

96 2291 258 2370 Parnasi,
278 2313 395 2358 summo
419 2313 585 2380 oppressus
603 2293 712 2360 dolore
727 2293 781 2377 1⁰),
806 2287 973 2381 qucd'tam
998 2297 1092 2364 valde
1112 2309 1142 2365 et

9 2419 10 2472 j
98 2394 160 2459 sibi
187 2406 218 2459 et
235 2395 301 2460 iilic
320 2395 489 2474 defuisset,
511 2417 530 2462 a
553 2397 692 2482 Siguna',
717 2417 796 2482 quae
817 2397 981 2482 indignum
1005 2421 1070 2466 eun
1085 2399 1140 2467 ha-

96 2493 188 2560 beret
210 2517 342 2581 quocum
362 2498 494 2586 amplius
514 2497 710 2586 loqueretur,
733 2499 895 2566 discessit.¹
935 2499 1025 2568 Tunc
1046 2503 1141 2586 igitur

98 2603 247 2683 cognovit
277 2603 337 2662 hoc
369 2599 510 2684 quidem,
549 2601 746 2687 ‹jurantoper'e'
771 2620 791 2667 a
818 2602 945 2668 fortuna
973 2601 1141 2670 derelictus

98 2712 197 2778 esset,
221 2700 356 2778 nondum
378 2711 478 2766 arrtem
493 2701 586 2782 iilud,
611 2703 684 2790 quid
699 2701 845 2788 gradalis
862 2706 993 2790 eiusque
1008 2727 1140 2790 regnum

98 2812 192 2887 atque
223 2821 280 2865 arx
309 2803 369 2868 sibi
395 2795 521 2888 ¹velient.
573 2804 726 2869 Sermone
757 2806 877 2869 demum
911 2825 979 2868 curn
1009 2805 1140 2872 Trevri-

98 2912 191 2969 zeute
223 2907 353 2968 eremita
384 2903 422 2966 de
457 2903 583 2985 gradali
610 2915 641 2970 et
663 2903 806 2991 gradalis
831 2903 1012 2971 custodibus
1032 2907 1140 2974 habito

98 3008 167 3092 <qui
191 3025 293 3070 sermo
315 3003 397 3069 libro
416 3009 572 3095 ¹poematis
594 3009 692 3072 nostri
714 3026 798 3072 nono
823 3010 1013 3092 continetur)
1041 3001 1140 3078 docess

98 3103 305 3174 turl’arziva'i
329 3095 493 3172 scutellam
516 3108 688 3174 mirabilem
714 3107 855 3193 cibisque
876 3097 1069 3177 inexhaustis
1091 3115 1140 3177 iu-

107 3283 313 3294 -ss-a

114 3397 146 3462 9)
170 3393 210 3449 ct
237 3393 280 3447 Fr.
303 3391 405 3446 Diezii:
434 3391 659 3462 etymologiscires
684 3391 854 3446 uurierbueir
878 3393 926 3447 der
950 3398 1140 3456 romanisciren

168 3478 308 3548 spreciren.
342 3477 419 3530 Banu
437 3479 510 3532 1853.
531 3494 557 3546 p.
573 3482 634 3532 303.
670 3477 722 3531 Sed
742 3479 813 3546 apud
832 3478 876 3530 Fr.
896 3479 1141 3549 Zarnckium'OEe-

170 3563 253 3618 nacke
272 3571 306 3626 2,
333 3563 423 3630 234²)
448 3564 660 3618 memnonem
682 3575 823 3632 perperam
844 3568 884 3618 est
909 3565 1028 3622 redditus
1050 3572 1142 3622 ‘mons

171 3649 354 3702 salvationis¹.

103 3746 151 3815 10)
176 3745 251 3800 Para.
277 3761 335 3812 cap.
351 3747 418 3811 256,
448 3761 471 3800 r.
492 3753 515 3801 1.
550 3743 599 3796 daz
619 3759 649 3797 er
668 3743 785 3816 redgerus
804 3759 860 3798 was
880 3747 911 3814 sd
933 3745 1004 3820 iaz„

552 3827 658 3882 dor-hi
679 3827 737 3882 dem
755 3825 885 3898 trdregeo
904 3833 980 3884 wirte
999 3845 1055 3895 saz,

553 3909 603 3968 daz
623 3929 671 3967 rou
692 3914 725 3967 dd
745 3913 888 3982 groeziicire

556 3995 608 4050 den
626 3996 681 4051 ireit
699 3997 784 4052 eliens
801 3997 883 4052 richo.
