2942 4690
538 533 622 596 wau,
638 533 731 584 sttaz
756 537 792 582 er
815 515 951 602 spriohet
973 516 1057 603 oder
1073 523 1197 606 sprach,

541 616 594 683 diu
613 617 690 684 rede
710 617 828 683 helibet
849 620 910 685 eine
934 618 1022 687 daoh.

449 713 499 780 15.
542 737 609 786 wer
629 721 678 785 soi
700 720 809 785 sinnes
830 731 908 788 mort
932 720 1090 800 behalten

541 839 576 884 es
602 821 736 889 enwelln
759 822 810 888 die
833 826 931 890 misen
952 825 1091 892 waiten?

537 920 648 988 valseh
667 922 806 1009 ltigeiioh
828 928 879 991 ein
903 947 1005 1003 meere,

542 1021 603 1088 daz
628 1045 705 1092 uoen
727 1027 778 1091 ich
801 1027 862 1094 baz
886 1030 968 1096 noch
991 1049 1107 1096 waere·

542 1125 605 1191 ane
625 1127 692 1199 uuirt
714 1127 751 1193 rii
770 1130 848 1194 eime
872 1134 943 1210 sne3

447 1226 500 1291 20.
544 1229 581 1292 so
600 1225 665 1294 vdaz
689 1227 758 1295 dem
782 1231 895 1296 munde
916 1233 1021 1300 rturde
1044 1237 1100 1309 we,

544 1329 619 1394 tierz
641 1333 679 1396 niz
703 1331 752 1397 fiir
772 1333 902 1400 narheit
924 1335 1051 1414 breitet:

543 1435 578 1496 so
602 1431 706 1498 hetin
729 1444 785 1518 got
809 1435 941 1503 bereitet

542 1533 590 1598 als
611 1546 724 1617 guoter
744 1536 820 1603 iiute
845 1539 1015 1608 wieschen
1035 1543 1107 1618 stet,

497 1645 498 1652 ’
543 1633 604 1700 den
628 1639 656 1701 ir
679 1640 766 1706 trine
789 1639 929 1706 zarbeite
954 1647 1052 1728 ergit.

446 1735 497 1801 25.
544 1757 636 1804 suem
659 1741 699 1804 ist
720 1761 757 1805 ze
780 1742 891 1809 soihen
913 1745 1040 1821 werken
1063 1742 1146 1826 gach

500 1889 502 1894 .
544 1839 586 1906 da
610 1834 815 1910 missenende
840 1846 937 1912 hoeret
959 1842 1051 1926 nauh,

541 1941 629 2028 pfliht
650 1944 772 2011 werden
794 1947 837 2032 lip
862 1967 903 2011 an
928 1946 987 2010 den
1014 1947 1126 2029 gemin,

542 2043 603 2110 daz
624 2067 712 2113 muoz
734 2049 767 2112 in
789 2048 882 2134 leren
901 2047 1043 2111 kranker
1063 2049 1121 2112 sin.
1149 2065 1151 2068 ·

545 2169 579 2213 er
599 2149 710 2214 midetz
735 2152 768 2226 e,
796 2148 861 2212 kau
883 2168 918 2213 er
941 2149 1009 2213 sich
1032 2149 1179 2214 sehemn:

543 2249 604 2315 deu
628 2253 687 2316 site
711 2249 758 2316 soi
784 2270 819 2315 er
842 2270 880 2315 ze
904 2259 998 2335 uogte
1022 2270 1122 2316 nemu.

384 2359 387 2364 ’
439 2362 526 2440 Quos
556 2384 665 2430 versus
696 2369 748 2451 qui
773 2365 955 2452 perlegunt,
988 2368 1110 2432 etiamsi
1134 2388 1215 2452 quae
1238 2373 1286 2438 vis
1309 2375 1376 2439 sin-

335 2458 419 2543 gulis
442 2465 553 2545 figuris
584 2478 636 2532 aut
658 2468 788 2535 vocibus
812 2467 954 2534 subiecta
978 2471 1104 2534 sitnon
1127 2475 1231 2536 statim
1251 2478 1376 2562 perspi-

337 2565 436 2645 ciant,
460 2585 646 2651 persuasum
665 2581 769 2636 tamen
792 2571 852 2636 sibi
867 2570 1027 2636 habebunt
1043 2584 1258 2658 argumentum
1269 2596 1376 2646 eorum

335 2681 404 2728 eum
427 2665 602 2736 Parzivaiis
632 2671 744 2738 sabula
772 2693 811 2738 ao
837 2676 1020 2740 narratione
1044 2695 1105 2742 non
1130 2677 1191 2768 nisi
1213 2674 1285 2743 laxo
1307 2679 1377 2746 viu-

335 2767 406 2835 culo
430 2771 612 2840 cohaerere.
1042 2838 1046 2845 .

436 2871 514 2938 Nam
544 2886 610 2942 tota
638 2876 718 2942 h'aeo
746 2880 899 2964 poematis
920 2897 1014 2964 pars,
1048 2875 1118 2943 dum
1140 2881 1282 2945 narratio
1304 2881 1378 2967 ipsa
1462 2949 1463 2976 ἶ

335 2973 495 3061 paulisper
508 2979 755 3064 interrumpitur,
774 2979 970 3065 parabaseos
982 2981 1082 3044 instar
1097 2993 1267 3067 praecepta
1278 3003 1379 3068 quae·
1462 2977 1463 3062 i

335 3077 405 3143 dam
430 3079 590 3146 continere
614 3080 745 3146 videtur.
794 3079 969 3148 Woliramo
994 3082 1073 3146 enim
1096 3080 1134 3146 de
1159 3086 1274 3166 optima
1295 3105 1379 3170 quae

336 3181 396 3246 sibi
420 3181 566 3249 videatur
586 3187 708 3249 ratione
731 3183 770 3247 ad
791 3203 902 3270 poema
917 3182 1162 3269 componendum
1181 3188 1300 3270 epicum
1318 3186 1378 3252 ad-

336 3283 478 3351 hibenda
503 3285 554 3350 vei
590 3285 628 3351 de
661 3284 752 3364 loco,
783 3287 886 3371 qualis
914 3283 1101 3384 tribuendps
1132 3287 1173 3350 sit
1196 3304 1215 3350 a
1237 3288 1380 3373 quolibet

334 3397 429 3473 poeta
451 3405 605 3473 personae
625 3389 779 3474 poematis
803 3388 972 3473 primariae
995 3404 1073 3471 prae
1095 3391 1239 3471 personis
1261 3391 1400 3456 seeun-‘

306 3512 312 3522 ·
335 3489 394 3555 das
423 3500 530 3576 partes
556 3488 741 3574 agentibus,
769 3487 855 3555 haud
887 3487 955 3553 seio
976 3506 1018 3551 an
1039 3486 1198 3574 disputare
1221 3491 1280 3556 hoe
1303 3491 1378 3557 loeo

334 3589 499 3679 placuerit.
542 3591 689 3658 Fortasse
705 3611 780 3658 vero
804 3589 945 3656 censebit
966 3589 1119 3675 quispiam
1143 3602 1284 3676 poetam,
1308 3613 1378 3658 eum

334 3697 366 3759 in
397 3703 540 3780 poemate
570 3714 646 3774 sno,
683 3713 744 3780 quo
782 3695 884 3777 magis
912 3693 1032 3756 varium
1060 3708 1098 3756 ac
1127 3693 1264 3760 vividius
1289 3693 1379 3760 ieret

335 3808 428 3882 atque
466 3799 510 3862 ita
539 3799 640 3880 magis
671 3793 874 3870 laudaretur,
909 3791 1030 3882 aliquid
1059 3815 1118 3881 per
1149 3795 1380 3880 digressionem

334 3903 507 3966 intexturus
536 3909 638 3975 esset,
672 3897 832 3982 expressis
861 3896 969 3962 verbis
996 3899 1100 3983 iisque
1130 3898 1289 3975 versibus,
1326 3900 1380 3986 qui

333 4021 427 4088 supra
445 4000 542 4068 adlati
557 4009 641 4076 sunt,
663 4015 791 4065 causam
808 3997 1011 4066 iudicandam
1029 4021 1102 4069 esse
1124 4002 1302 4088 putavisse,
1325 4020 1383 4066 our
1462 4065 1463 4068 ,
