2942 4690
1099 355 1139 421 2l

96 545 157 610 que
180 525 356 594 Parzlralis
382 526 486 590 uitam·
500 521 671 608 exptositum
694 522 734 589 iri
756 522 955 609 sperandum·
971 534 1053 599 erat,
1086 540 1140 588 ret

94 627 136 692 ad
157 628 359 694 Parziualem·
376 636 581 692 narrarentur
607 645 713 711 paene
743 645 807 690 uon
821 627 1025 711 pertinentes
1046 623 1140 690 tabo·

94 728 189 814 laque
221 730 351 796 tractari
379 726 539 794 uideretur
568 745 673 813 paene
702 745 794 793 nova
840 725 940 805 Quam
966 727 1139 813 reprehen-

94 833 214 898 sionem
238 842 270 896 ut
295 831 496 922 reprimeret,
526 830 656 913 triginta
678 829 751 896 illos
774 848 900 909 uersus,
932 848 1010 914 quos
1033 827 1139 916 prolo-

95 951 168 1015 gum
190 951 267 998 esse
286 932 436 1009 diximus,
466 933 599 1016 septimo
623 930 722 1012 libro,
756 950 816 1016 quo
840 927 1010 998 (lanarum
1035 949 1138 1017 paene

94 1033 193 1100 solum
228 1032 412 1114 celebrare,
450 1027 791 1118 Parzisslompaucis
820 1042 937 1097 tantum
963 1051 1139 1098 memorare

93 1134 177 1221 apud
214 1136 349 1201 animum
390 1135 611 1211 constituerat,
649 1145 744 1220 poeta
780 1133 905 1200 ridetur
941 1133 1138 1220 praefixisse.

7 1287 9 1310 :
95 1236 187 1315 Quod
212 1238 240 1302 si
262 1239 480 1314 statuerimus,
506 1239 672 1322 sequitur,¹
692 1245 725 1302 ut
746 1236 813 1301 fieri
837 1256 900 1302 non
928 1239 1031 1322 possit
1063 1238 1136 1320 quin

7 1327 9 1332 ’
90 1351 207 1404 causas
239 1341 398 1406 contineat
421 1337 591 1424 prologus,
616 1359 672 1404 cor
702 1336 907 1406 Parzivaldc
929 1353 1050 1403 scaena
1074 1338 1135 1403 ali-

7 1479 8 1528 3
88 1440 238 1524 quamdiu
266 1451 532 1506 remoueaturac
556 1450 713 1526 tamquam
738 1440 910 1526 dispareat.
956 1440 1032 1504 (ium
1058 1458 1135 1504 vero

86 1551 199 1626 poeta,
221 1541 387 1607 verborum
409 1542 535 1609 omniuo
554 1543 773 1628 parcissimus,
797 1541 990 1607 audientium
1014 1543 1135 1614 animos

90 1641 131 1710 ad
161 1645 375 1735 narrationem
412 1641 650 1709 auscultandum
685 1663 776 1728 quam
812 1646 945 1710 manime
974 1642 1136 1709 intendere

88 1743 208 1822 soleat,
240 1765 302 1810 non
333 1743 503 1829 putandum
531 1747 592 1811 erit
618 1745 693 1810 illas
722 1765 837 1811 causas
866 1747 987 1832 positas
1010 1766 1081 1812 esse
1104 1749 1136 1811 in

90 1844 245 1911 eiusmodi
269 1845 379 1922 rebus,
413 1865 493 1931 quae
521 1847 619 1910 semel
642 1846 770 1912 auditae
794 1851 967 1912 animorum
991 1850 1136 1912 attentio-

88 1967 161 2012 nem
190 1947 375 2010 minuerent.
422 1944 516 2023 Quod
544 1947 662 2012 iactum
686 1959 771 2012 esset
798 1945 1017 2026 hauddubie,
1048 1951 1074 2012 si
1098 1950 1130 2012 iu

88 2051 196 2114 causis
216 2045 281 2113 illis
303 2048 494 2114 enarrandis
513 2067 583 2125 res,
613 2052 892 2135 quae-posteriore
917 2050 1039 2115 demum
1061 2050 1134 2116 loco

87 2153 260 2237 poematis,
297 2147 379 2236 quod
409 2168 493 2214 nuuc
523 2149 690 2228 habemus,
726 2161 913 2231 narrantur,
942 2162 1134 2240 praeceptae

7 2277 11 2296 ·
86 2253 150 2316 iam
174 2262 205 2316 et
223 2252 310 2337 prius
334 2250 518 2316 declaratae
543 2262 658 2316 esseut.
703 2250 835 2316 Videtur
854 2252 976 2317 idcirco
993 2253 1132 2318 Wollra-

7 2357 8 2396 ἒ
86 2374 154 2419 mus
174 2356 205 2418 im
234 2354 365 2440 prologo
397 2373 459 2418 nou
492 2373 598 2419 veram
620 2351 780 2421 iudicasse
804 2373 948 2431 causam,
977 2373 1035 2418 cur
1054 2357 1133 2418 Par·-

87 2453 203 2521 ziralis
235 2459 267 2535 iu
296 2459 361 2521 vita
388 2455 605 2548 describenda
629 2475 766 2543 pergere
792 2465 854 2521 tum
877 2452 1051 2533 noluisset,
1074 2454 1133 2520 sed

86 2559 228 2622 rationes
250 2556 341 2622 huius
363 2575 439 2620 suae
456 2545 623 2642 veluntatis
645 2566 807 2644 susceptae
832 2555 1132 2623 attulissetantum-

87 2658 180 2724 modo
205 2677 277 2733 eas,
304 2655 415 2743 quihus
436 2659 571 2740 coguitis
593 2677 696 2742 neque
721 2659 771 2743 qui
787 2657 932 2742 legerent
953 2679 1056 2746 neque
1080 2663 1133 2744 qul

88 2757 236 2825 audirent
258 2757 373 2824 odiendi
396 2769 541 2845 possent,
572 2759 655 2844 quod
677 2761 854 2825 Parzivalis
877 2759 948 2825 laus
970 2761 1133 2845 paulisper

86 2863 351 2928 intermitteretur.
396 2859 461 2924 uae
486 2862 626 2924 rationes
652 2861 764 2946 quales
788 2862 850 2925 sint
879 2870 908 2925 et
931 2880 1023 2946 quam
1046 2863 1131 2926 viam

86 2965 213 3029 omniuo
236 2960 295 3027 hoc
319 2962 389 3027 loco
411 2963 574 3044 ingressus
605 2962 645 3026 sit
666 2972 779 3048 poeta,
809 2965 991 3028 accuratius
1011 2982 1132 3049 coguo-

85 3085 225 3142 scemus,
252 3066 280 3130 si
305 3066 368 3130 iam
398 3062 438 3128 ad
462 3062 627 3150 prologum
651 3064 750 3149 ipsum
772 3064 991 3150 explicandum
1018 3086 1130 3132 acces-

85 3169 228 3234 serimus.
576 3172 578 3176 '
826 3193 831 3198 ·

191 3265 361 3344 Quattuor,
398 3265 510 3351 quibus
544 3264 706 3331 exordium
744 3265 785 3330 dt·
806 3263 948 3352 prologi,
985 3265 1130 3334 versibus

86 3367 258 3434 Gauranum
275 3365 468 3452 aliquamdiu
485 3363 675 3432 celebratum
697 3367 736 3434 iri
758 3369 940 3454 simpliciter
962 3369 1129 3436 iudicatur.

86 3470 152 3534 Der
174 3473 225 3534 uie
243 3487 369 3552 pcwurp
393 3465 476 3532 adelo
497 3470 657 3536 schenden
679 3468 749 3554 ‘qui
767 3488 933 3556 numquam
948 3478 1037 3556 turpe
1054 3471 1130 3557 quid

87 3569 186 3646 lecit'‚
216 3575 266 3634 eia
286 3570 339 3635 wil
367 3588 427 3635 zuo
457 3570 548 3634 simeo
577 3571 704 3634 houden
733 3574 781 3636 sol
810 3592 855 3636 nu
878 3573 943 3635 dise
966 3569 1129 3637 decollare
1176 3571 1178 3576 ’

87 3667 152 3736 hdo
187 3668 395 3755 ‘aliquamdiu
425 3689 566 3757 persona
600 3670 692 3737 huius
720 3670 853 3738 fabulae.
879 3675 938 3738 erit
965 3674 1123 3757 primaria

7 3855 9 3868 Ι
88 3775 145 3836 der
163 3774 266 3836 werde
286 3775 422 3836 artando
447 3770 571 3837 deda
600 3775 791 3852 ‘Gauranum
820 3793 910 3860 quem
934 3776 1035 3839 uirum
1056 3793 1128 3839 esse

7 3955 9 3962 y
88 3882 299 3958 praestantem
333 3891 440 3937 omues
473 3875 652 3940 noverunt'.
710 3874 828 3941 Tribus
868 3875 1016 3942 uersibus
1051 3875 1136 3942 sub--

86 3973 202 4039 iunctis
236 3971 377 4054 additur,
408 3973 491 4040 hanc
517 3973 658 4041 fabulam
687 3995 759 4042 esse
781 3977 894 4055 talem,
916 3998 982 4063 *qua
999 3989 1129 4064 praeter
