2942 4690
328 352 350 416 l

331 518 413 607 apvvd
432 515 642 584 Christianum
659 537 816 604 personae
839 519 1016 586 nominihus
1040 528 1155 586 tantum
1178 520 1376 608 appellativis

330 623 503 704 insignitae
525 631 597 685 sunt
613 619 650 702 ²).
696 620 742 686 En
766 641 828 706 qua
851 641 903 699 re,
925 627 1046 708 mutuor,
1069 630 1145 690 satis
1166 635 1250 690 certe
1274 624 1375 690 ellici-

330 736 380 790 tur
417 723 627 788 Christianum
674 722 803 788 fabulae
832 727 978 809 2=speciem
1017 729 1212 812 expressisse
1250 728 1375 791 minime
1459 747 1460 758 ¹

331 837 480 893 accurate
502 845 541 890 ac
567 823 753 908 diligenter,
783 823 986 891 Wollramum
1011 827 1248 905 contra‚-llioti
1273 831 1374 892 imita-

330 940 444 1009 torem,
479 925 602 1013 qualem
625 947 660 990 se
689 929 757 1012 ipse
788 930 915 1013 saepius
940 929 1074 999 indicat.
1098 949 1166 994 cum
1190 929 1273 1016 apud
1292 930 1375 994 hunc

330 1031 544 1118 peculiaribus
583 1030 735 1114 poematis
761 1048 921 1114 personae
957 1033 1155 1096 nominentur
1173 1030 1375 1120 *nominihus

329 1131 460 1197 fabulae
487 1130 618 1214 liguram
646 1132 830 1195 narratione
858 1151 916 1196 sua
940 1134 1088 1197 imitatum
1120 1153 1192 1200 esse
1216 1134 1376 1217 antiquio-

330 1251 508 1318 remquam
530 1250 612 1316 quae
637 1230 678 1296 ad
701 1251 823 1298 manum
847 1233 940 1300 luerit
957 1234 1145 1300 Christiano.
1191 1233 1289 1300 Solet.
1304 1235 1375 1317 qui·
1447 1307 1451 1316 p

330 1333 400 1398 dem
423 1332 553 1410 Noster,
583 1332 635 1397 ubi
665 1354 764 1398 rerum
798 1335 932 1402 decursu
958 1336 1110 1403 adductus
1138 1357 1251 1403 novam
1274 1339 1374 1400 intro-

234 1476 236 1478 ·
330 1433 414 1501 ducit
442 1454 626 1521 personam,
663 1457 768 1502 verum
793 1440 875 1524 quod
909 1443 975 1505 elus
1009 1460 1124 1505 nomen
1156 1449 1204 1504 est
1239 1441 1374 1502 reticere
1459 1453 1460 1458 ¹

328 1536 490 1624 paulisper
510 1539 640 1623 eamqtre
657 1548 774 1604 tantum
795 1545 845 1604 elo
867 1545 984 1624 falesto,
1008 1545 1057 1605 eiu
1080 1545 1171 1606 nitier
1190 1539 1240 1604 vel
1264 1536 1375 1602 simili-

327 1651 376 1704 ter
399 1639 577 1724 appellare,
611 1638 668 1703 sed
694 1641 777 1707 celat
808 1645 855 1706 sic
879 1643 1049 1708 artificiose
1079 1661 1192 1707 unomen
1214 1639 1375 1725 proprium

331 1757 431 1824 ecque
466 1739 617 1817 consilio,
648 1761 709 1825 quo
741 1745 887 1831 attentius
911 1743 1087 1807 auscultent
1108 1745 1131 1805 ii
1156 1744 1207 1824 qui
1233 1738 1373 1813 audiant,

329 1840 542 1908 auscultantes
570 1863 648 1909 vero
678 1860 817 1928 persona
847 1833 1008 1928 postmodo
1038 1863 1095 1910 suo
1132 1841 1204 1908 loco
1235 1857 1374 1926 pronun-

327 1945 405 2010 tiata
426 1947 529 2026 magis
552 1943 754 2010 delectentur.

429 2058 504 2125 Cum
532 2071 633 2126 autem
657 2062 739 2125 inter
761 2063 846 2126 viros
870 2057 981 2124 doctos
1005 2059 1109 2125 adhuc
1133 2059 1171 2125 sit
1194 2069 1374 2125 controver-

326 2165 391 2239 sia,
430 2183 499 2228 num
534 2161 679 2240 labalae,
719 2183 779 2248 quo
815 2173 958 2248 tempore
995 2166 1124 2250 primum
1158 2171 1373 2238 nascerentur,

327 2267 434 2331 stricte
450 2266 511 2331 iam
536 2267 789 2352 circumscriptae
813 2264 929 2330 luerint
949 2274 979 2330 et
1000 2275 1137 2350 tempore
1160 2263 1279 2328 demum
1299 2280 1374 2348 pro-

328 2367 458 2434 cedente
481 2389 568 2434 suam
583 2369 732 2452 ‘quaeque
757 2369 967 2432 sinceritatem
991 2365 1186 2454 perdiderint
1206 2383 1373 2449 argumen-

326 2473 430 2554 tisque
452 2471 496 2534 ita
518 2472 673 2555 corruptis
697 2469 978 2551 degeneraverint,
1010 2489 1051 2535 an
1074 2490 1094 2534 a
1117 2467 1257 2534 tenebris
1282 2467 1373 2550 quasi

327 2572 490 2659 profectae
519 2571 643 2636 indies
669 2574 828 2638 evaserint
852 2575 1005 2638 certiores
1029 2572 1184 2638 clariores
1208 2565 1373 2633 dilucidio-

328 2671 395 2750 res,
419 2683 481 2738 turn
502 2673 534 2738 id
561 2673 874 2760 quoque'diiudicari
895 2675 1033 2740 nondum
1049 2675 1181 2760 poterit,¹
1196 2689 1266 2734 num
1289 2667 1373 2754 apud

329 2775 531 2842 Wollramum
562 2779 664 2860 magis
685 2775 793 2842 solida
821 2765 975 2862 quaedam
1012 2788 1041 2841 et
1073 2791 1223 2860 expressa
1244 2771 1373 2836 fabulae

330 2877 453 2960 efligies
469 2873 573 2960 extet,
602 2896 643 2942 an
664 2877 746 2964 apud
764 2875 984 2944 Christianum.

429 2995 470 3060 At
492 3014 706 3082 quaecumque
735 2993 774 3061 de
796 2995 890 3085 Κίοιο
911 2991 1075 3064 Wolsrami
1099 2993 1218 3058 incerte
1243 3002 1373 3057 auctore

328 3099 453 3164 omnino
476 3099 662 3174 sentiuntur,
696 3117 753 3174 ea,
785 3100 817 3162 ni
836 3099 948 3174 fallor,
978 3097 1020 3162 ad
1042 3097 1100 3161 has
1124 3093 1297 3160 sententias
1321 3111 1374 3158 re-

329 3201 397 3286 digi
425 3209 563 3288 possunt.
621 3203 680 3266 Aut
705 3203 785 3266 enim
810 3200 1015 3278 Wolsramum
1037 3196 1209 3262 Christiani
1235 3193 1317 3259 libro
1342 3197 1375 3257 in

328 3305 424 3370 rebus
447 3301 569 3388 quidem
587 3305 717 3369 minoris
739 3305 881 3368 momenti
904 3297 1000 3378 usum,
1023 3304 1055 3366 in
1069 3302 1246 3366 universum
1269 3305 1375 3360 tamen

329 3405 413 3472 llioti
439 3405 601 3472 consiliam
631 3405 718 3486 (licet
740 3407 837 3492 ipsius
866 3404 904 3468 de
926 3403 1021 3468 Kioto
1044 3405 1162 3488 passim
1186 3399 1272 3464 dicta
1295 3399 1376 3476 inter

329 3530 363 3574 se
387 3507 578 3596 repugnent)
598 3509 700 3594 potius
724 3517 862 3570 secutum
884 3525 955 3571 esse
979 3516 1073 3589 atque
1094 3505 1138 3568 ita
1159 3521 1235 3570 vera
1259 3501 1376 3565 dixisse

332 3611 577 3686 existimaveris
599 3607 682 3694 quod
704 3611 730 3670 si
755 3610 923 3685 existimas,
946 3607 1058 3672 Kiotus
1080 3614 1202 3681 manet,
1226 3602 1283 3668 sed
1307 3621 1376 3668 ma-

329 3799 534 3814 Q—ss—-n

352 3930 383 3997 2)
402 3927 442 3980 ct.
465 3942 533 3998 quae
551 3927 737 3981 Lachmanrus
762 3929 794 3981 de
820 3928 870 3982 liae
894 3943 924 3983 ne
949 3929 1015 3984 utun
1034 3927 1173 3985 llolirami
1193 3936 1267 3992 oper.
1289 3921 1376 3990 prael.

395 4025 456 4081 pag.
478 4011 537 4066 XX.
