<?xml version="1.0" encoding="UTF-8"?>
<!DOCTYPE html PUBLIC "-//W3C//DTD XHTML 1.0 Transitional//EN"
    "http://www.w3.org/TR/xhtml1/DTD/xhtml1-transitional.dtd">
<html xmlns="http://www.w3.org/1999/xhtml" xml:lang="en" lang="en">
 <head>
  <title>
</title>
<meta http-equiv="Content-Type" content="text/html;charset=utf-8" />
  <meta name='ocr-system' content='tesseract 3.04.00' />
  <meta name='ocr-capabilities' content='ocr_page ocr_carea ocr_par ocr_line ocrx_word'/>
</head>
<body>
  <div class='ocr_page' id='page_1' title='image "./deparzivalispoe00lucagoog_0012.png"; bbox 0 0 2942 4690; ppageno 0'>
   <div class='ocr_carea' id='block_1_1' title="bbox 331 329 353 396">
    <p class='ocr_par' dir='ltr' id='par_1_1' title="bbox 331 329 353 396">
     <span class='ocr_line' id='line_1_1' title="bbox 331 329 353 396; baseline 0 0"><span class='ocrx_word' id='word_1_1' title='bbox 331 329 353 396; x_wconf 81' lang='grc'><strong>6</strong></span> 
     </span>
    </p>
   </div>
   <div class='ocr_carea' id='block_1_2' title="bbox 332 496 1376 790">
    <p class='ocr_par' dir='ltr' id='par_1_2' title="bbox 332 496 1376 790">
     <span class='ocr_line' id='line_1_2' title="bbox 332 496 1375 586; baseline -0.002 -20"><span class='ocrx_word' id='word_1_2' title='bbox 332 507 401 566; x_wconf 85' lang='lat' dir='ltr'><strong>rata</strong></span> <span class='ocrx_word' id='word_1_3' title='bbox 417 496 589 576; x_wconf 86' lang='lat' dir='ltr'><strong>distinctis,</strong></span> <span class='ocrx_word' id='word_1_4' title='bbox 613 518 677 584; x_wconf 90' lang='lat' dir='ltr'><strong>qua</strong></span> <span class='ocrx_word' id='word_1_5' title='bbox 692 518 727 566; x_wconf 87' lang='lat' dir='ltr'><strong>re</strong></span> <span class='ocrx_word' id='word_1_6' title='bbox 743 497 815 571; x_wconf 91' lang='lat' dir='ltr'><strong>sola</strong></span> <span class='ocrx_word' id='word_1_7' title='bbox 838 497 1040 586; x_wconf 72' lang='lat' dir='ltr'><strong>interpretum</strong></span> <span class='ocrx_word' id='word_1_8' title='bbox 1057 497 1166 566; x_wconf 88' lang='lat' dir='ltr'><strong>ducem</strong></span> <span class='ocrx_word' id='word_1_9' title='bbox 1190 498 1375 582; x_wconf 80' lang='lat' dir='ltr'><strong>signiferum</strong></span> 
     </span>
     <span class='ocr_line' id='line_1_3' title="bbox 333 599 1375 688; baseline -0.001 -20"><span class='ocrx_word' id='word_1_10' title='bbox 333 621 368 674; x_wconf 84' lang='lat' dir='ltr'><strong>so</strong></span> <span class='ocrx_word' id='word_1_11' title='bbox 395 603 551 688; x_wconf 86' lang='lat' dir='ltr'><strong>praestitit</strong></span> <span class='ocrx_word' id='word_1_12' title='bbox 577 601 876 682; x_wconf 82' lang='lat' dir='ltr'><strong>lllollramianorum</strong></span> <span class='ocrx_word' id='word_1_13' title='bbox 912 603 1066 680; x_wconf 87' lang='lat' dir='ltr'><strong>omnium,</strong></span> <span class='ocrx_word' id='word_1_14' title='bbox 1105 612 1166 672; x_wconf 91' lang='lat' dir='ltr'><strong>tum</strong></span> <span class='ocrx_word' id='word_1_15' title='bbox 1197 599 1375 670; x_wconf 79' lang='lat' dir='ltr'><strong>Parsiralis</strong></span> 
     </span>
     <span class='ocr_line' id='line_1_4' title="bbox 333 702 1376 790; baseline -0.005 -16"><span class='ocrx_word' id='word_1_16' title='bbox 333 704 487 790; x_wconf 85' lang='lat' dir='ltr'><strong>poematis</strong></span> <span class='ocrx_word' id='word_1_17' title='bbox 518 705 680 775; x_wconf 80' lang='lat' dir='ltr'>exordium</span> <span class='ocrx_word' id='word_1_18' title='bbox 709 707 742 772; x_wconf 93' lang='lat' dir='ltr'><strong>in</strong></span> <span class='ocrx_word' id='word_1_19' title='bbox 770 703 811 769; x_wconf 91' lang='lat' dir='ltr'><strong>iis</strong></span> <span class='ocrx_word' id='word_1_20' title='bbox 831 702 939 782; x_wconf 89' lang='lat' dir='ltr'><strong>libris,</strong></span> <span class='ocrx_word' id='word_1_21' title='bbox 971 706 1023 790; x_wconf 90' lang='lat' dir='ltr'><strong>qui</strong></span> <span class='ocrx_word' id='word_1_22' title='bbox 1047 705 1231 772; x_wconf 78' lang='lat' dir='ltr'>academiae</span> <span class='ocrx_word' id='word_1_23' title='bbox 1252 702 1376 770; x_wconf 83' lang='lat' dir='ltr'><strong>beroli-</strong></span> 
     </span>
    </p>
   </div>
   <div class='ocr_carea' id='block_1_3' title="bbox 1399 375 1460 464">
    <p class='ocr_par' dir='ltr' id='par_1_3' title="bbox 1399 375 1460 464">
     <span class='ocr_line' id='line_1_5' title="bbox 1399 375 1460 464; baseline 0 0"><span class='ocrx_word' id='word_1_24' title='bbox 1399 441 1403 450; x_wconf 80' lang='grc'><em>.</em></span> <span class='ocrx_word' id='word_1_25' title='bbox 1458 375 1460 464; x_wconf 80' lang='lat' dir='ltr'><strong>l</strong></span> 
     </span>
    </p>
   </div>
   <div class='ocr_carea' id='block_1_4' title="bbox 1458 467 1460 524">
    <p class='ocr_par' dir='ltr' id='par_1_4' title="bbox 1458 467 1460 524">
     <span class='ocr_line' id='line_1_6' title="bbox 1458 467 1460 524; baseline 0 0"><span class='ocrx_word' id='word_1_26' title='bbox 1458 467 1460 524; x_wconf 92' lang='lat' dir='ltr'><strong>l</strong></span> 
     </span>
    </p>
   </div>
   <div class='ocr_carea' id='block_1_5' title="bbox 333 805 1460 995">
    <p class='ocr_par' dir='ltr' id='par_1_5' title="bbox 333 805 1460 995">
     <span class='ocr_line' id='line_1_7' title="bbox 333 805 1460 896; baseline 0 -26"><span class='ocrx_word' id='word_1_27' title='bbox 333 807 442 872; x_wconf 81' lang='lat' dir='ltr'><strong>nensis</strong></span> <span class='ocrx_word' id='word_1_28' title='bbox 465 809 649 879; x_wconf 89' lang='lat' dir='ltr'><strong>anctoritate</strong></span> <span class='ocrx_word' id='word_1_29' title='bbox 672 805 807 892; x_wconf 78' lang='lat' dir='ltr'><strong>singulis</strong></span> <span class='ocrx_word' id='word_1_30' title='bbox 831 807 923 874; x_wconf 89' lang='lat' dir='ltr'><strong>annis</strong></span> <span class='ocrx_word' id='word_1_31' title='bbox 945 805 1092 883; x_wconf 83' lang='lat' dir='ltr'><strong>eduntur,</strong></span> <span class='ocrx_word' id='word_1_32' title='bbox 1116 807 1250 890; x_wconf 81' lang='lat' dir='ltr'><strong>egregie</strong></span> <span class='ocrx_word' id='word_1_33' title='bbox 1276 805 1375 892; x_wconf 87' lang='lat' dir='ltr'><strong>expli·</strong></span> <span class='ocrx_word' id='word_1_34' title='bbox 1459 877 1460 896; x_wconf 12' lang='grc' dir='ltr'>χ</span> 
     </span>
     <span class='ocr_line' id='line_1_8' title="bbox 335 903 1460 995; baseline 0 -21"><span class='ocrx_word' id='word_1_35' title='bbox 335 911 434 986; x_wconf 76' lang='lat' dir='ltr'><strong>cauit3</strong></span> <span class='ocrx_word' id='word_1_36' title='bbox 465 909 563 988; x_wconf 88' lang='lat' dir='ltr'><strong>alter,</strong></span> <span class='ocrx_word' id='word_1_37' title='bbox 594 909 678 995; x_wconf 90' lang='lat' dir='ltr'><strong>quod</strong></span> <span class='ocrx_word' id='word_1_38' title='bbox 705 908 745 974; x_wconf 90' lang='lat' dir='ltr'><strong>de</strong></span> <span class='ocrx_word' id='word_1_39' title='bbox 774 908 909 992; x_wconf 81' lang='lat' dir='ltr'><strong>siugulis</strong></span> <span class='ocrx_word' id='word_1_40' title='bbox 939 907 1177 974; x_wconf 79' lang='lat' dir='ltr'><strong>obscurioribus</strong></span> <span class='ocrx_word' id='word_1_41' title='bbox 1200 906 1376 974; x_wconf 86' lang='lat' dir='ltr'><strong>Parzivalis</strong></span> <span class='ocrx_word' id='word_1_42' title='bbox 1459 903 1460 908; x_wconf 67' lang='grc'>’</span> 
     </span>
    </p>
   </div>
   <div class='ocr_carea' id='block_1_6' title="bbox 333 1009 1384 1402">
    <p class='ocr_par' dir='ltr' id='par_1_6' title="bbox 333 1009 1384 1402">
     <span class='ocr_line' id='line_1_9' title="bbox 333 1009 1384 1096; baseline -0.001 -21"><span class='ocrx_word' id='word_1_43' title='bbox 333 1009 418 1082; x_wconf 87' lang='lat' dir='ltr'><strong>locis</strong></span> <span class='ocrx_word' id='word_1_44' title='bbox 450 1009 690 1086; x_wconf 74' lang='lat' dir='ltr'><strong>dissertationes</strong></span> <span class='ocrx_word' id='word_1_45' title='bbox 725 1010 858 1080; x_wconf 86' lang='lat' dir='ltr'><strong>instituit</strong></span> <span class='ocrx_word' id='word_1_46' title='bbox 888 1012 1195 1096; x_wconf 83' lang='lat' dir='ltr'><strong>praestantissimas,</strong></span> <span class='ocrx_word' id='word_1_47' title='bbox 1231 1027 1313 1094; x_wconf 87' lang='lat' dir='ltr'><strong>quae</strong></span> <span class='ocrx_word' id='word_1_48' title='bbox 1343 1011 1384 1074; x_wconf 83' lang='lat' dir='ltr'><strong>iu</strong></span> 
     </span>
     <span class='ocr_line' id='line_1_10' title="bbox 333 1109 1377 1198; baseline -0.001 -19"><span class='ocrx_word' id='word_1_49' title='bbox 333 1113 416 1180; x_wconf 87' lang='lat' dir='ltr'><strong>actis</strong></span> <span class='ocrx_word' id='word_1_50' title='bbox 443 1113 610 1181; x_wconf 89' lang='lat' dir='ltr'><strong>societatis</strong></span> <span class='ocrx_word' id='word_1_51' title='bbox 636 1112 818 1178; x_wconf 87' lang='lat' dir='ltr'><strong>Saxonicae</strong></span> <span class='ocrx_word' id='word_1_52' title='bbox 857 1109 975 1191; x_wconf 83' lang='lat' dir='ltr'><strong>iamdiu</strong></span> <span class='ocrx_word' id='word_1_53' title='bbox 1011 1111 1126 1198; x_wconf 84' lang='lat' dir='ltr'><strong>publici</strong></span> <span class='ocrx_word' id='word_1_54' title='bbox 1158 1113 1236 1176; x_wconf 89' lang='lat' dir='ltr'><strong>ioris</strong></span> <span class='ocrx_word' id='word_1_55' title='bbox 1270 1111 1377 1178; x_wconf 86' lang='lat' dir='ltr'><strong>sactae</strong></span> 
     </span>
     <span class='ocr_line' id='line_1_11' title="bbox 335 1212 1377 1302; baseline -0.002 -22"><span class='ocrx_word' id='word_1_56' title='bbox 335 1224 406 1280; x_wconf 87' lang='lat' dir='ltr'><strong>sunt</strong></span> <span class='ocrx_word' id='word_1_57' title='bbox 432 1212 707 1300; x_wconf 80' lang='lat' dir='ltr'><strong>amplificataeque</strong></span> <span class='ocrx_word' id='word_1_58' title='bbox 738 1231 820 1280; x_wconf 90' lang='lat' dir='ltr'><strong>nunc</strong></span> <span class='ocrx_word' id='word_1_59' title='bbox 847 1215 940 1281; x_wconf 88' lang='lat' dir='ltr'><strong>etiam</strong></span> <span class='ocrx_word' id='word_1_60' title='bbox 966 1213 1133 1302; x_wconf 88' lang='lat' dir='ltr'><strong>undecimo</strong></span> <span class='ocrx_word' id='word_1_61' title='bbox 1159 1216 1192 1278; x_wconf 92' lang='lat' dir='ltr'><strong>in</strong></span> <span class='ocrx_word' id='word_1_62' title='bbox 1219 1212 1377 1279; x_wconf 81' lang='lat' dir='ltr'><strong>uolumine</strong></span> 
     </span>
     <span class='ocr_line' id='line_1_12' title="bbox 336 1313 1164 1402; baseline -0.002 -22"><span class='ocrx_word' id='word_1_63' title='bbox 336 1315 567 1401; x_wconf 87' lang='lat' dir='ltr'><strong>ephemeridum</strong></span> <span class='ocrx_word' id='word_1_64' title='bbox 589 1334 671 1401; x_wconf 85' lang='lat' dir='ltr'><strong>quas</strong></span> <span class='ocrx_word' id='word_1_65' title='bbox 692 1317 760 1402; x_wconf 91' lang='lat' dir='ltr'><strong>ipse</strong></span> <span class='ocrx_word' id='word_1_66' title='bbox 784 1317 892 1382; x_wconf 88' lang='lat' dir='ltr'><strong>amittit</strong></span> <span class='ocrx_word' id='word_1_67' title='bbox 914 1324 1045 1402; x_wconf 82' lang='lat' dir='ltr'><strong>possunt</strong></span> <span class='ocrx_word' id='word_1_68' title='bbox 1065 1313 1142 1398; x_wconf 80' lang='lat' dir='ltr'><strong>legi.</strong></span> <span class='ocrx_word' id='word_1_69' title='bbox 1163 1359 1164 1362; x_wconf 63' lang='lat'>,</span> 
     </span>
    </p>
   </div>
   <div class='ocr_carea' id='block_1_7' title="bbox 439 1399 1460 1499">
    <p class='ocr_par' dir='ltr' id='par_1_7' title="bbox 439 1399 1460 1499">
     <span class='ocr_line' id='line_1_13' title="bbox 439 1399 1460 1499; baseline 0.001 -20"><span class='ocrx_word' id='word_1_70' title='bbox 439 1415 570 1482; x_wconf 81' lang='lat' dir='ltr'><strong>Praeter</strong></span> <span class='ocrx_word' id='word_1_71' title='bbox 588 1415 647 1482; x_wconf 91' lang='lat' dir='ltr'><strong>hos</strong></span> <span class='ocrx_word' id='word_1_72' title='bbox 670 1419 757 1484; x_wconf 85' lang='lat' dir='ltr'><strong>uiros</strong></span> <span class='ocrx_word' id='word_1_73' title='bbox 773 1416 955 1494; x_wconf 85' lang='lat' dir='ltr'><strong>Pleillerus,</strong></span> <span class='ocrx_word' id='word_1_74' title='bbox 978 1415 1145 1488; x_wconf 85' lang='lat' dir='ltr'><strong>Schulzins</strong></span> <span class='ocrx_word' id='word_1_75' title='bbox 1161 1415 1246 1499; x_wconf 87' lang='lat' dir='ltr'><strong>(San</strong></span> <span class='ocrx_word' id='word_1_76' title='bbox 1262 1413 1378 1495; x_wconf 86' lang='lat' dir='ltr'><strong>Marte)</strong></span> <span class='ocrx_word' id='word_1_77' title='bbox 1459 1399 1460 1404; x_wconf 6' lang='grc' dir='ltr'>ἵ</span> 
     </span>
    </p>
   </div>
   <div class='ocr_carea' id='block_1_8' title="bbox 334 1515 1380 2012">
    <p class='ocr_par' dir='ltr' id='par_1_8' title="bbox 334 1515 1380 2012">
     <span class='ocr_line' id='line_1_14' title="bbox 336 1515 1378 1607; baseline 0.001 -27"><span class='ocrx_word' id='word_1_78' title='bbox 336 1526 366 1581; x_wconf 87' lang='lat' dir='ltr'><strong>ct</strong></span> <span class='ocrx_word' id='word_1_79' title='bbox 389 1515 625 1596; x_wconf 85' lang='lat' dir='ltr'><strong>Rtthrmundus,</strong></span> <span class='ocrx_word' id='word_1_80' title='bbox 656 1517 704 1584; x_wconf 91' lang='lat' dir='ltr'><strong>illi</strong></span> <span class='ocrx_word' id='word_1_81' title='bbox 735 1523 770 1584; x_wconf 89' lang='lat' dir='ltr'><strong>in</strong></span> <span class='ocrx_word' id='word_1_82' title='bbox 800 1519 940 1586; x_wconf 81' lang='lat' dir='ltr'><strong>Pleifferi</strong></span> <span class='ocrx_word' id='word_1_83' title='bbox 972 1518 1223 1607; x_wconf 80' lang='lat' dir='ltr'><strong>ephemeridibus</strong></span> <span class='ocrx_word' id='word_1_84' title='bbox 1247 1517 1378 1582; x_wconf 87' lang='lat' dir='ltr'><strong>Germa-</strong></span> 
     </span>
     <span class='ocr_line' id='line_1_15' title="bbox 334 1610 1380 1707; baseline 0 -25"><span class='ocrx_word' id='word_1_85' title='bbox 334 1619 410 1684; x_wconf 90' lang='lat' dir='ltr'><strong>niae</strong></span> <span class='ocrx_word' id='word_1_86' title='bbox 440 1610 566 1686; x_wconf 89' lang='lat' dir='ltr'><strong>nomine</strong></span> <span class='ocrx_word' id='word_1_87' title='bbox 605 1621 800 1707; x_wconf 77' lang='lat' dir='ltr'><strong>insignibus,</strong></span> <span class='ocrx_word' id='word_1_88' title='bbox 835 1621 886 1688; x_wconf 91' lang='lat' dir='ltr'><strong>hic</strong></span> <span class='ocrx_word' id='word_1_89' title='bbox 921 1635 987 1694; x_wconf 83' lang='lat' dir='ltr'><strong>cum</strong></span> <span class='ocrx_word' id='word_1_90' title='bbox 1022 1625 1054 1688; x_wconf 89' lang='lat' dir='ltr'><strong>in</strong></span> <span class='ocrx_word' id='word_1_91' title='bbox 1082 1621 1268 1706; x_wconf 86' lang='lat' dir='ltr'><strong>Hauptianis</strong></span> <span class='ocrx_word' id='word_1_92' title='bbox 1299 1637 1380 1703; x_wconf 86' lang='lat' dir='ltr'><strong>quas</strong></span> 
     </span>
     <span class='ocr_line' id='line_1_16' title="bbox 335 1717 1379 1810; baseline -0.002 -24"><span class='ocrx_word' id='word_1_93' title='bbox 335 1717 428 1786; x_wconf 91' lang='lat' dir='ltr'><strong>modo</strong></span> <span class='ocrx_word' id='word_1_94' title='bbox 453 1719 600 1796; x_wconf 85' lang='lat' dir='ltr'><strong>diximus,</strong></span> <span class='ocrx_word' id='word_1_95' title='bbox 623 1733 685 1788; x_wconf 91' lang='lat' dir='ltr'><strong>tum</strong></span> <span class='ocrx_word' id='word_1_96' title='bbox 706 1725 739 1788; x_wconf 90' lang='lat' dir='ltr'><strong>in</strong></span> <span class='ocrx_word' id='word_1_97' title='bbox 763 1725 922 1810; x_wconf 80' lang='lat' dir='ltr'><strong>gymnasii</strong></span> <span class='ocrx_word' id='word_1_98' title='bbox 944 1724 1188 1809; x_wconf 87' lang='lat' dir='ltr'><strong>Postampicnsis</strong></span> <span class='ocrx_word' id='word_1_99' title='bbox 1211 1739 1379 1804; x_wconf 83' lang='lat' dir='ltr'><strong>program-</strong></span> 
     </span>
     <span class='ocr_line' id='line_1_17' title="bbox 336 1819 1379 1914; baseline -0.001 -28"><span class='ocrx_word' id='word_1_100' title='bbox 336 1823 429 1888; x_wconf 81' lang='lat' dir='ltr'><strong>matis</strong></span> <span class='ocrx_word' id='word_1_101' title='bbox 451 1823 610 1892; x_wconf 89' lang='lat' dir='ltr'><strong>nonnullis</strong></span> <span class='ocrx_word' id='word_1_102' title='bbox 632 1821 672 1888; x_wconf 91' lang='lat' dir='ltr'><strong>de</strong></span> <span class='ocrx_word' id='word_1_103' title='bbox 687 1822 859 1914; x_wconf 83' lang='lat' dir='ltr'><strong>Parzivale</strong></span> <span class='ocrx_word' id='word_1_104' title='bbox 879 1827 1057 1914; x_wconf 88' lang='lat' dir='ltr'><strong>disputans,</strong></span> <span class='ocrx_word' id='word_1_105' title='bbox 1082 1822 1264 1890; x_wconf 86' lang='lat' dir='ltr'><strong>studuerunt</strong></span> <span class='ocrx_word' id='word_1_106' title='bbox 1278 1819 1379 1886; x_wconf 82' lang='lat' dir='ltr'><strong>Wolt-</strong></span> 
     </span>
     <span class='ocr_line' id='line_1_18' title="bbox 336 1925 1380 2012; baseline 0 -24"><span class='ocrx_word' id='word_1_107' title='bbox 336 1925 415 1988; x_wconf 89' lang='lat' dir='ltr'><strong>rami</strong></span> <span class='ocrx_word' id='word_1_108' title='bbox 449 1927 620 1998; x_wconf 85' lang='lat' dir='ltr'><strong>amicorum</strong></span> <span class='ocrx_word' id='word_1_109' title='bbox 648 1927 780 1993; x_wconf 84' lang='lat' dir='ltr'><strong>utilitati.</strong></span> <span class='ocrx_word' id='word_1_110' title='bbox 825 1929 928 2012; x_wconf 83' lang='lat' dir='ltr'><strong>Atque</strong></span> <span class='ocrx_word' id='word_1_111' title='bbox 947 1927 1098 1992; x_wconf 87' lang='lat' dir='ltr'><strong>laudandi</strong></span> <span class='ocrx_word' id='word_1_112' title='bbox 1119 1932 1204 1999; x_wconf 90' lang='lat' dir='ltr'><strong>sunt,</strong></span> <span class='ocrx_word' id='word_1_113' title='bbox 1232 1942 1276 1988; x_wconf 89' lang='lat' dir='ltr'><strong>-ne</strong></span> <span class='ocrx_word' id='word_1_114' title='bbox 1301 1941 1380 1988; x_wconf 91' lang='lat' dir='ltr'><strong>con-</strong></span> 
     </span>
    </p>
   </div>
   <div class='ocr_carea' id='block_1_9' title="bbox 335 2023 1460 2113">
    <p class='ocr_par' dir='ltr' id='par_1_9' title="bbox 335 2023 1460 2113">
     <span class='ocr_line' id='line_1_19' title="bbox 335 2023 1460 2113; baseline 0 -23"><span class='ocrx_word' id='word_1_115' title='bbox 335 2023 408 2090; x_wconf 92' lang='lat' dir='ltr'><strong>silio</strong></span> <span class='ocrx_word' id='word_1_116' title='bbox 431 2024 506 2109; x_wconf 89' lang='lat' dir='ltr'><strong>quid</strong></span> <span class='ocrx_word' id='word_1_117' title='bbox 520 2029 778 2113; x_wconf 83' lang='lat' dir='ltr'><strong>praetermisisse</strong></span> <span class='ocrx_word' id='word_1_118' title='bbox 800 2025 920 2108; x_wconf 85' lang='lat' dir='ltr'><strong>uidear,</strong></span> <span class='ocrx_word' id='word_1_119' title='bbox 944 2025 1112 2092; x_wconf 87' lang='lat' dir='ltr'><strong>Schulzius</strong></span> <span class='ocrx_word' id='word_1_120' title='bbox 1129 2036 1158 2090; x_wconf 90' lang='lat' dir='ltr'><strong>et</strong></span> <span class='ocrx_word' id='word_1_121' title='bbox 1174 2023 1378 2102; x_wconf 83' lang='lat' dir='ltr'><strong>Stmrocttus,</strong></span> <span class='ocrx_word' id='word_1_122' title='bbox 1459 2105 1460 2110; x_wconf 5' lang='grc' dir='ltr'>ἵ</span> 
     </span>
    </p>
   </div>
   <div class='ocr_carea' id='block_1_10' title="bbox 335 2125 1381 3027">
    <p class='ocr_par' dir='ltr' id='par_1_10' title="bbox 335 2125 1380 2610">
     <span class='ocr_line' id='line_1_20' title="bbox 337 2125 1378 2210; baseline 0 -18"><span class='ocrx_word' id='word_1_123' title='bbox 337 2125 420 2210; x_wconf 87' lang='lat' dir='ltr'><strong>quod</strong></span> <span class='ocrx_word' id='word_1_124' title='bbox 452 2128 486 2190; x_wconf 89' lang='lat' dir='ltr'><strong>in</strong></span> <span class='ocrx_word' id='word_1_125' title='bbox 516 2146 554 2192; x_wconf 89' lang='lat' dir='ltr'><strong>eo</strong></span> <span class='ocrx_word' id='word_1_126' title='bbox 584 2125 687 2194; x_wconf 88' lang='lat' dir='ltr'><strong>studio</strong></span> <span class='ocrx_word' id='word_1_127' title='bbox 714 2125 797 2194; x_wconf 88' lang='lat' dir='ltr'><strong>bano</strong></span> <span class='ocrx_word' id='word_1_128' title='bbox 833 2127 916 2195; x_wconf 89' lang='lat' dir='ltr'><strong>viam</strong></span> <span class='ocrx_word' id='word_1_129' title='bbox 944 2126 1092 2192; x_wconf 87' lang='lat' dir='ltr'><strong>iniverint</strong></span> <span class='ocrx_word' id='word_1_130' title='bbox 1122 2137 1154 2191; x_wconf 92' lang='lat' dir='ltr'><strong>ut</strong></span> <span class='ocrx_word' id='word_1_131' title='bbox 1181 2127 1378 2193; x_wconf 87' lang='lat' dir='ltr'><strong>Parzivalem</strong></span> 
     </span>
     <span class='ocr_line' id='line_1_21' title="bbox 336 2227 1380 2314; baseline 0 -22"><span class='ocrx_word' id='word_1_132' title='bbox 336 2247 449 2314; x_wconf 90' lang='lat' dir='ltr'><strong>poema</strong></span> <span class='ocrx_word' id='word_1_133' title='bbox 470 2227 601 2295; x_wconf 90' lang='lat' dir='ltr'><strong>sacculo</strong></span> <span class='ocrx_word' id='word_1_134' title='bbox 624 2227 700 2296; x_wconf 83' lang='lat' dir='ltr'><strong>lllll</strong></span> <span class='ocrx_word' id='word_1_135' title='bbox 730 2229 911 2299; x_wconf 86' lang='lat' dir='ltr'><strong>contectum</strong></span> <span class='ocrx_word' id='word_1_136' title='bbox 928 2231 961 2297; x_wconf 92' lang='lat' dir='ltr'><strong>in</strong></span> <span class='ocrx_word' id='word_1_137' title='bbox 985 2248 1055 2294; x_wconf 91' lang='lat' dir='ltr'><strong>eum</strong></span> <span class='ocrx_word' id='word_1_138' title='bbox 1078 2247 1139 2314; x_wconf 90' lang='lat' dir='ltr'><strong>quo</strong></span> <span class='ocrx_word' id='word_1_139' title='bbox 1162 2247 1245 2294; x_wconf 90' lang='lat' dir='ltr'><strong>nunc</strong></span> <span class='ocrx_word' id='word_1_140' title='bbox 1267 2231 1380 2294; x_wconf 91' lang='lat' dir='ltr'><strong>utimur</strong></span> 
     </span>
     <span class='ocr_line' id='line_1_22' title="bbox 335 2327 1379 2419; baseline 0.002 -25"><span class='ocrx_word' id='word_1_141' title='bbox 335 2350 512 2402; x_wconf 89' lang='lat' dir='ltr'><strong>sermonem</strong></span> <span class='ocrx_word' id='word_1_142' title='bbox 550 2341 770 2398; x_wconf 88' lang='lat' dir='ltr'><strong>converterent</strong></span> <span class='ocrx_word' id='word_1_143' title='bbox 817 2351 918 2419; x_wconf 89' lang='lat' dir='ltr'><strong>eaque</strong></span> <span class='ocrx_word' id='word_1_144' title='bbox 959 2327 1114 2396; x_wconf 90' lang='lat' dir='ltr'><strong>industria</strong></span> <span class='ocrx_word' id='word_1_145' title='bbox 1152 2350 1263 2416; x_wconf 90' lang='lat' dir='ltr'><strong>poema</strong></span> <span class='ocrx_word' id='word_1_146' title='bbox 1298 2329 1379 2396; x_wconf 91' lang='lat' dir='ltr'><strong>illud</strong></span> 
     </span>
     <span class='ocr_line' id='line_1_23' title="bbox 335 2429 1378 2520; baseline -0.01 -12"><span class='ocrx_word' id='word_1_147' title='bbox 335 2429 491 2508; x_wconf 65' lang='grc' dir='ltr'><strong>Ῑθθῑῑῑῐῠὸ,</strong></span> <span class='ocrx_word' id='word_1_148' title='bbox 518 2437 571 2518; x_wconf 84' lang='lat' dir='ltr'><strong>qui</strong></span> <span class='ocrx_word' id='word_1_149' title='bbox 590 2433 752 2503; x_wconf 89' lang='lat' dir='ltr'><strong>doctrinae</strong></span> <span class='ocrx_word' id='word_1_150' title='bbox 775 2433 860 2501; x_wconf 92' lang='lat' dir='ltr'><strong>illius</strong></span> <span class='ocrx_word' id='word_1_151' title='bbox 884 2442 1025 2520; x_wconf 88' lang='lat' dir='ltr'><strong>expertes</strong></span> <span class='ocrx_word' id='word_1_152' title='bbox 1048 2442 1171 2510; x_wconf 81' lang='lat' dir='ltr'><strong>essent,</strong></span> <span class='ocrx_word' id='word_1_153' title='bbox 1194 2433 1243 2497; x_wconf 89' lang='lat' dir='ltr'><strong>his</strong></span> <span class='ocrx_word' id='word_1_154' title='bbox 1265 2430 1378 2498; x_wconf 90' lang='lat' dir='ltr'><strong>litteris</strong></span> 
     </span>
     <span class='ocr_line' id='line_1_24' title="bbox 336 2532 954 2610; baseline 0.006 -14"><span class='ocrx_word' id='word_1_155' title='bbox 336 2532 522 2601; x_wconf 88' lang='lat' dir='ltr'><strong>imbuerent.</strong></span> <span class='ocrx_word' id='word_1_156' title='bbox 952 2607 954 2610; x_wconf 56' lang='grc'><strong>,</strong></span> 
     </span>
    </p>

    <p class='ocr_par' dir='ltr' id='par_1_11' title="bbox 336 2631 1381 3027">
     <span class='ocr_line' id='line_1_25' title="bbox 441 2631 1379 2724; baseline -0.001 -24"><span class='ocrx_word' id='word_1_157' title='bbox 441 2635 505 2702; x_wconf 91' lang='lat' dir='ltr'><strong>lam</strong></span> <span class='ocrx_word' id='word_1_158' title='bbox 527 2656 605 2704; x_wconf 84' lang='lat' dir='ltr'><strong>uero</strong></span> <span class='ocrx_word' id='word_1_159' title='bbox 628 2656 697 2705; x_wconf 91' lang='lat' dir='ltr'><strong>cum</strong></span> <span class='ocrx_word' id='word_1_160' title='bbox 719 2636 848 2724; x_wconf 86' lang='lat' dir='ltr'><strong>propius</strong></span> <span class='ocrx_word' id='word_1_161' title='bbox 871 2631 1020 2701; x_wconf 89' lang='lat' dir='ltr'><strong>accedam</strong></span> <span class='ocrx_word' id='word_1_162' title='bbox 1042 2632 1083 2698; x_wconf 91' lang='lat' dir='ltr'><strong>ad</strong></span> <span class='ocrx_word' id='word_1_163' title='bbox 1103 2631 1137 2698; x_wconf 90' lang='lat' dir='ltr'><strong>id</strong></span> <span class='ocrx_word' id='word_1_164' title='bbox 1160 2633 1241 2718; x_wconf 87' lang='lat' dir='ltr'><strong>quod</strong></span> <span class='ocrx_word' id='word_1_165' title='bbox 1263 2654 1379 2720; x_wconf 87' lang='lat' dir='ltr'><strong>propo-</strong></span> 
     </span>
     <span class='ocr_line' id='line_1_26' title="bbox 337 2734 1378 2822; baseline 0 -20"><span class='ocrx_word' id='word_1_166' title='bbox 337 2738 426 2804; x_wconf 89' lang='lat' dir='ltr'><strong>situm</strong></span> <span class='ocrx_word' id='word_1_167' title='bbox 457 2749 503 2806; x_wconf 91' lang='lat' dir='ltr'><strong>est</strong></span> <span class='ocrx_word' id='word_1_168' title='bbox 534 2749 567 2806; x_wconf 90' lang='lat' dir='ltr'><strong>ut</strong></span> <span class='ocrx_word' id='word_1_169' title='bbox 594 2737 770 2806; x_wconf 83' lang='lat' dir='ltr'><strong>Parzivalis</strong></span> <span class='ocrx_word' id='word_1_170' title='bbox 799 2739 919 2822; x_wconf 86' lang='lat' dir='ltr'><strong>aliquot</strong></span> <span class='ocrx_word' id='word_1_171' title='bbox 951 2734 1043 2801; x_wconf 90' lang='lat' dir='ltr'><strong>locos</strong></span> <span class='ocrx_word' id='word_1_172' title='bbox 1080 2735 1247 2820; x_wconf 88' lang='lat' dir='ltr'><strong>explicem,</strong></span> <span class='ocrx_word' id='word_1_173' title='bbox 1283 2755 1378 2822; x_wconf 90' lang='lat' dir='ltr'><strong>spero</strong></span> 
     </span>
     <span class='ocr_line' id='line_1_27' title="bbox 337 2836 1380 2926; baseline 0 -21"><span class='ocrx_word' id='word_1_174' title='bbox 337 2841 406 2906; x_wconf 85' lang='lat' dir='ltr'><strong>fore</strong></span> <span class='ocrx_word' id='word_1_175' title='bbox 429 2850 461 2906; x_wconf 92' lang='lat' dir='ltr'><strong>ut</strong></span> <span class='ocrx_word' id='word_1_176' title='bbox 483 2860 547 2911; x_wconf 88' lang='lat' dir='ltr'><strong>non</strong></span> <span class='ocrx_word' id='word_1_177' title='bbox 568 2843 673 2926; x_wconf 87' lang='lat' dir='ltr'><strong>inepte</strong></span> <span class='ocrx_word' id='word_1_178' title='bbox 694 2841 842 2916; x_wconf 87' lang='lat' dir='ltr'><strong>fecerim,</strong></span> <span class='ocrx_word' id='word_1_179' title='bbox 863 2837 947 2924; x_wconf 89' lang='lat' dir='ltr'><strong>qnod</strong></span> <span class='ocrx_word' id='word_1_180' title='bbox 970 2856 1027 2902; x_wconf 87' lang='lat' dir='ltr'><strong>sex</strong></span> <span class='ocrx_word' id='word_1_181' title='bbox 1047 2836 1207 2923; x_wconf 87' lang='lat' dir='ltr'><strong>prioribus</strong></span> <span class='ocrx_word' id='word_1_182' title='bbox 1228 2841 1380 2924; x_wconf 86' lang='lat' dir='ltr'><strong>poematis</strong></span> 
     </span>
     <span class='ocr_line' id='line_1_28' title="bbox 336 2937 1381 3027; baseline 0 -21"><span class='ocrx_word' id='word_1_183' title='bbox 336 2941 429 3006; x_wconf 88' lang='lat' dir='ltr'><strong>libris</strong></span> <span class='ocrx_word' id='word_1_184' title='bbox 458 2947 496 3006; x_wconf 89' lang='lat' dir='ltr'><strong>ab</strong></span> <span class='ocrx_word' id='word_1_185' title='bbox 518 2944 774 3027; x_wconf 78' lang='lat' dir='ltr'><strong>interpretatione</strong></span> <span class='ocrx_word' id='word_1_186' title='bbox 802 2959 872 3008; x_wconf 88' lang='lat' dir='ltr'><strong>mea</strong></span> <span class='ocrx_word' id='word_1_187' title='bbox 898 2937 1036 3004; x_wconf 84' lang='lat' dir='ltr'><strong>exclusis</strong></span> <span class='ocrx_word' id='word_1_188' title='bbox 1060 2956 1080 3004; x_wconf 89' lang='lat' dir='ltr'><strong>a</strong></span> <span class='ocrx_word' id='word_1_189' title='bbox 1103 2941 1234 3024; x_wconf 87' lang='lat' dir='ltr'><strong>septimo</strong></span> <span class='ocrx_word' id='word_1_190' title='bbox 1258 2937 1381 3006; x_wconf 90' lang='lat' dir='ltr'><strong>demum</strong></span> 
     </span>
    </p>
   </div>
   <div class='ocr_carea' id='block_1_11' title="bbox 336 3039 1460 3232">
    <p class='ocr_par' dir='ltr' id='par_1_12' title="bbox 336 3039 1460 3232">
     <span class='ocr_line' id='line_1_29' title="bbox 336 3039 1460 3130; baseline -0.002 -22"><span class='ocrx_word' id='word_1_191' title='bbox 336 3043 421 3109; x_wconf 88' lang='lat' dir='ltr'><strong>hano</strong></span> <span class='ocrx_word' id='word_1_192' title='bbox 449 3061 549 3111; x_wconf 88' lang='lat' dir='ltr'><strong>meam</strong></span> <span class='ocrx_word' id='word_1_193' title='bbox 583 3062 711 3130; x_wconf 86' lang='lat' dir='ltr'><strong>operam</strong></span> <span class='ocrx_word' id='word_1_194' title='bbox 741 3043 883 3112; x_wconf 85' lang='lat' dir='ltr'><strong>exordiri</strong></span> <span class='ocrx_word' id='word_1_195' title='bbox 912 3041 1083 3108; x_wconf 85' lang='lat' dir='ltr'><strong>statuerim.</strong></span> <span class='ocrx_word' id='word_1_196' title='bbox 1139 3039 1267 3108; x_wconf 86' lang='lat' dir='ltr'><strong>Priores</strong></span> <span class='ocrx_word' id='word_1_197' title='bbox 1296 3045 1380 3108; x_wconf 90' lang='lat' dir='ltr'><strong>enim</strong></span> <span class='ocrx_word' id='word_1_198' title='bbox 1459 3091 1460 3106; x_wconf 44' lang='lat' dir='ltr'><strong>r</strong></span> 
     </span>
     <span class='ocr_line' id='line_1_30' title="bbox 338 3142 1460 3232; baseline 0 -24"><span class='ocrx_word' id='word_1_199' title='bbox 338 3143 412 3210; x_wconf 91' lang='lat' dir='ltr'><strong>illos</strong></span> <span class='ocrx_word' id='word_1_200' title='bbox 433 3143 534 3213; x_wconf 87' lang='lat' dir='ltr'><strong>libros</strong></span> <span class='ocrx_word' id='word_1_201' title='bbox 557 3145 761 3224; x_wconf 85' lang='lat' dir='ltr'><strong>lectionibus,</strong></span> <span class='ocrx_word' id='word_1_202' title='bbox 784 3165 866 3232; x_wconf 84' lang='lat' dir='ltr'><strong>quae</strong></span> <span class='ocrx_word' id='word_1_203' title='bbox 890 3147 921 3210; x_wconf 91' lang='lat' dir='ltr'><strong>in</strong></span> <span class='ocrx_word' id='word_1_204' title='bbox 944 3142 1201 3227; x_wconf 86' lang='lat' dir='ltr'><strong>universitatibus</strong></span> <span class='ocrx_word' id='word_1_205' title='bbox 1226 3161 1307 3228; x_wconf 90' lang='lat' dir='ltr'><strong>quae</strong></span> <span class='ocrx_word' id='word_1_206' title='bbox 1330 3142 1383 3208; x_wconf 90' lang='lat' dir='ltr'><strong>di-</strong></span> <span class='ocrx_word' id='word_1_207' title='bbox 1459 3169 1460 3176; x_wconf 46' lang='lat'>¹</span> 
     </span>
    </p>
   </div>
   <div class='ocr_carea' id='block_1_12' title="bbox 249 3242 1384 3841">
    <p class='ocr_par' dir='ltr' id='par_1_13' title="bbox 249 3242 1384 3841">
     <span class='ocr_line' id='line_1_31' title="bbox 339 3242 1381 3324; baseline -0.002 -12"><span class='ocrx_word' id='word_1_208' title='bbox 339 3255 450 3312; x_wconf 89' lang='lat' dir='ltr'><strong>cuntur</strong></span> <span class='ocrx_word' id='word_1_209' title='bbox 469 3245 631 3315; x_wconf 88' lang='lat' dir='ltr'><strong>litterariis</strong></span> <span class='ocrx_word' id='word_1_210' title='bbox 654 3247 694 3313; x_wconf 87' lang='lat' dir='ltr'><strong>de</strong></span> <span class='ocrx_word' id='word_1_211' title='bbox 717 3243 886 3318; x_wconf 84' lang='lat' dir='ltr'><strong>Parzivale</strong></span> <span class='ocrx_word' id='word_1_212' title='bbox 910 3242 1081 3324; x_wconf 90' lang='lat' dir='ltr'><strong>habentur,</strong></span> <span class='ocrx_word' id='word_1_213' title='bbox 1106 3247 1252 3310; x_wconf 87' lang='lat' dir='ltr'><strong>enarrari</strong></span> <span class='ocrx_word' id='word_1_214' title='bbox 1272 3243 1381 3312; x_wconf 88' lang='lat' dir='ltr'><strong>solere</strong></span> 
     </span>
     <span class='ocr_line' id='line_1_32' title="bbox 337 3345 1381 3436; baseline 0.002 -24"><span class='ocrx_word' id='word_1_215' title='bbox 337 3347 448 3413; x_wconf 90' lang='lat' dir='ltr'><strong>barum</strong></span> <span class='ocrx_word' id='word_1_216' title='bbox 478 3369 581 3420; x_wconf 89' lang='lat' dir='ltr'><strong>rerum</strong></span> <span class='ocrx_word' id='word_1_217' title='bbox 610 3353 729 3436; x_wconf 89' lang='lat' dir='ltr'><strong>peritus</strong></span> <span class='ocrx_word' id='word_1_218' title='bbox 751 3367 843 3414; x_wconf 89' lang='lat' dir='ltr'><strong>nemo</strong></span> <span class='ocrx_word' id='word_1_219' title='bbox 866 3347 1010 3430; x_wconf 83' lang='lat' dir='ltr'><strong>ignorat3</strong></span> <span class='ocrx_word' id='word_1_220' title='bbox 1034 3365 1116 3432; x_wconf 82' lang='lat' dir='ltr'><strong>quae</strong></span> <span class='ocrx_word' id='word_1_221' title='bbox 1140 3345 1265 3432; x_wconf 89' lang='lat' dir='ltr'><strong>quidem</strong></span> <span class='ocrx_word' id='word_1_222' title='bbox 1285 3366 1381 3414; x_wconf 86' lang='lat' dir='ltr'><strong>enar-</strong></span> 
     </span>
     <span class='ocr_line' id='line_1_33' title="bbox 338 3447 1382 3521; baseline 0 -7"><span class='ocrx_word' id='word_1_223' title='bbox 338 3451 479 3516; x_wconf 87' lang='lat' dir='ltr'><strong>rationes</strong></span> <span class='ocrx_word' id='word_1_224' title='bbox 500 3454 594 3521; x_wconf 84' lang='lat' dir='ltr'><strong>etiam</strong></span> <span class='ocrx_word' id='word_1_225' title='bbox 619 3462 706 3520; x_wconf 85' lang='lat' dir='ltr'><strong>extra</strong></span> <span class='ocrx_word' id='word_1_226' title='bbox 729 3451 886 3516; x_wconf 83' lang='lat' dir='ltr'><strong>civitatem</strong></span> <span class='ocrx_word' id='word_1_227' title='bbox 911 3447 1127 3516; x_wconf 77' lang='lat' dir='ltr'><strong>academicam</strong></span> <span class='ocrx_word' id='word_1_228' title='bbox 1150 3448 1306 3515; x_wconf 89' lang='lat' dir='ltr'><strong>interdum</strong></span> <span class='ocrx_word' id='word_1_229' title='bbox 1331 3453 1382 3514; x_wconf 89' lang='lat' dir='ltr'><strong>in-</strong></span> 
     </span>
     <span class='ocr_line' id='line_1_34' title="bbox 339 3548 1383 3640; baseline 0 -22"><span class='ocrx_word' id='word_1_230' title='bbox 339 3562 503 3621; x_wconf 88' lang='lat' dir='ltr'><strong>notescunt</strong></span> <span class='ocrx_word' id='word_1_231' title='bbox 530 3574 633 3640; x_wconf 86' lang='lat' dir='ltr'><strong>neque</strong></span> <span class='ocrx_word' id='word_1_232' title='bbox 657 3573 734 3630; x_wconf 90' lang='lat' dir='ltr'><strong>eae,</strong></span> <span class='ocrx_word' id='word_1_233' title='bbox 764 3571 833 3616; x_wconf 91' lang='lat' dir='ltr'><strong>cum</strong></span> <span class='ocrx_word' id='word_1_234' title='bbox 856 3551 1020 3618; x_wconf 82' lang='lat' dir='ltr'><strong>maximam</strong></span> <span class='ocrx_word' id='word_1_235' title='bbox 1040 3558 1160 3635; x_wconf 90' lang='lat' dir='ltr'><strong>partem</strong></span> <span class='ocrx_word' id='word_1_236' title='bbox 1184 3549 1225 3615; x_wconf 91' lang='lat' dir='ltr'><strong>ab</strong></span> <span class='ocrx_word' id='word_1_237' title='bbox 1249 3548 1383 3618; x_wconf 89' lang='lat' dir='ltr'><strong>homini-</strong></span> 
     </span>
     <span class='ocr_line' id='line_1_35' title="bbox 338 3649 1384 3742; baseline 0 -24"><span class='ocrx_word' id='word_1_238' title='bbox 338 3653 398 3719; x_wconf 91' lang='lat' dir='ltr'><strong>bus</strong></span> <span class='ocrx_word' id='word_1_239' title='bbox 430 3655 668 3742; x_wconf 81' lang='lat' dir='ltr'><strong>proficiscantur</strong></span> <span class='ocrx_word' id='word_1_240' title='bbox 700 3653 902 3730; x_wconf 81' lang='lat' dir='ltr'><strong>doctissimis,</strong></span> <span class='ocrx_word' id='word_1_241' title='bbox 932 3649 1092 3736; x_wconf 85' lang='lat' dir='ltr'><strong>aut&#39;quod</strong></span> <span class='ocrx_word' id='word_1_242' title='bbox 1115 3649 1304 3738; x_wconf 86' lang='lat' dir='ltr'><strong>amplificare</strong></span> <span class='ocrx_word' id='word_1_243' title='bbox 1328 3663 1384 3720; x_wconf 85' lang='lat' dir='ltr'><strong>aut</strong></span> 
     </span>
     <span class='ocr_line' id='line_1_36' title="bbox 249 3752 1048 3841; baseline 0.005 -25"><span class='ocrx_word' id='word_1_244' title='bbox 249 3811 250 3816; x_wconf 75' lang='grc'>,</span> <span class='ocrx_word' id='word_1_245' title='bbox 339 3757 423 3841; x_wconf 79' lang='lat' dir='ltr'><strong>qnod</strong></span> <span class='ocrx_word' id='word_1_246' title='bbox 445 3757 613 3824; x_wconf 78' lang='lat' dir='ltr'><strong>eurenrlare</strong></span> <span class='ocrx_word' id='word_1_247' title='bbox 635 3752 732 3822; x_wconf 89' lang='lat' dir='ltr'><strong>facile</strong></span> <span class='ocrx_word' id='word_1_248' title='bbox 756 3755 860 3840; x_wconf 82' lang='lat' dir='ltr'><strong>possis</strong></span> <span class='ocrx_word' id='word_1_249' title='bbox 880 3754 1048 3824; x_wconf 86' lang='lat' dir='ltr'><strong>continent.</strong></span> 
     </span>
    </p>
   </div>
   <div class='ocr_carea' id='block_1_13' title="bbox 0 0 1485 4690">
    <p class='ocr_par' dir='ltr' id='par_1_14' title="bbox 0 0 1485 4690">
     <span class='ocr_line' id='line_1_37' title="bbox 0 0 1485 4690; baseline 0 0"><span class='ocrx_word' id='word_1_250' title='bbox 0 0 1485 4690; x_wconf 95' lang='lat' dir='ltr'><strong> </strong></span> 
     </span>
    </p>
   </div>
  </div>
 </body>
</html>
